1911 2442
892 101 943 141 {a

111 238 227 292 plebs
257 237 466 279 serviebat.
522 236 684 275 Patricii
711 251 805 276 vero
833 239 956 289 magis
985 242 1024 276 et
1050 238 1174 288 magis
1202 236 1474 287 senescebant;
1510 236 1624 291 plebs
1651 238 1713 278 fe-

110 300 271 340 rocibus
298 301 395 338 viris
423 299 589 338 ducibus
618 305 656 338 et
683 298 928 339 multitudine
961 299 1160 338 hominum
1189 313 1438 352 accrescens,
1466 300 1719 340 decrescente

109 365 362 417 patriciorum
400 369 539 416 gente,
586 378 632 403 ex
669 364 854 403 servitute
897 363 1019 416 magis
1062 363 1266 417 magisque
1313 362 1550 417 emergebat,
1597 368 1717 418 atque

108 427 236 480 primo
270 433 422 479 partem
456 427 627 479 imperii,
667 426 833 480 denique
868 434 991 466 totum
1017 426 1101 466 fere
1147 427 1351 479 imperium
1399 433 1606 467 consecuta
1643 433 1717 467 est.·

109 491 168 530 lta
195 490 341 529 factum
370 496 441 542 est,
470 496 513 529 ut
539 490 791 543 patriciorum
820 491 948 529 curiae
976 491 1056 529 vim
1084 496 1121 530 et
1149 490 1360 543 potentiam
1398 490 1569 543 priorem
1597 491 1718 530 amit-

109 559 250 605 terent,
279 552 501 606 plebiscita,
528 560 569 591 ut
596 551 710 605 plebs
737 553 822 605 ipsa
837 552 1003 592 validior
1031 559 1069 592 et
1094 554 1291 605 potentior
1316 551 1448 604 fiebat,
1465 554 1650 592 maiorem
1670 554 1713 591 in

109 615 193 655 dies
219 616 300 655 vim
328 630 374 655 ac
400 616 614 668 potentiam
642 621 825 667 caperent
854 621 969 669 atque
998 615 1096 654 adeo
1132 621 1222 668 post
1258 616 1369 654 triste
1402 616 1605 668 imperium
1639 614 1715 654 dea

109 680 369 719 cemvirorum
397 677 592 717 sublatum
621 692 667 717 ex
694 677 781 730 lege
807 677 963 718 Valeria
991 678 1154 717 Horatia
1183 678 1298 717 etiam
1315 678 1499 731 patricios
1522 683 1715 719 tenerentz

109 743 220 791 Quae
248 756 366 795 quum
396 742 450 780 ita
479 742 570 793 sint,
599 740 694 795 quid
722 740 835 794 plura
863 741 1048 794 disputo?
1096 743 1161 781 An
1198 747 1256 781 est
1284 741 1502 795 quisquam,
1543 741 1605 780 cui
1631 755 1711 780 non

107 818 337 858 persuasum
364 805 428 854 sit,
457 818 584 857 neque
612 806 827 856 curiarum,
856 818 980 858 neque
1016 811 1171 857 patrum
1206 818 1376 858 unquam
1411 804 1545 855 fuisse,
1579 803 1710 856 plebi-

107 869 205 908 scita
233 865 543 921 reprehendere,
580 874 664 907 rata
700 867 763 907 vel
799 879 878 906 non
913 873 996 907 rata
1031 867 1207 908 habere?
1264 868 1306 907 Si
1333 880 1586 921 nunqnam
1613 880 1715 906 vero*

107 946 229 985 penes
258 932 386 970 curias
425 937 463 970 et
489 938 665 970 senatum
693 931 767 970 fuit
792 930 989 984 plebisciti
1025 930 1224 971 sanciendi
1259 930 1322 970 vel
1350 929 1566 982 abrogandi
1599 928 1710 968 arbi-

107 995 239 1047 trium,
266 993 353 1034 fieri
381 1008 461 1033 non
482 1001 625 1048 potest,
654 1000 696 1033 ut
723 1001 813 1048 post
829 993 953 1046 legem
974 993 1172 1034 Valeriam
1191 994 1392 1033 Horatiam
1410 992 1565 1032 illorum
1583 992 1714 1032 fuisse·

107 1059 168 1098 ius
192 1064 297 1097 recte
312 1057 580 1100 concedamus.

859 1171 895 1215 S.
922 1170 960 1207 5.

237 1245 353 1295 Quod
382 1261 500 1300 quum
531 1246 751 1285 confectum
780 1248 844 1299 sit,
874 1247 1077 1300 opiniones
1097 1246 1296 1286 hominum
1324 1246 1540 1299 doctorum,
1568 1247 1635 1301 qui
1664 1248 1705 1285 in

106 1324 154 1349 eo
183 1324 318 1348 omnes
357 1310 623 1361 consentiunt,
666 1310 771 1363 quod
808 1310 1037 1363 plebiscita,
1077 1316 1119 1348 ut
1145 1309 1332 1362 populum
1357 1316 1547 1361 tenerent,
1575 1316 1641 1349 aut
1668 1316 1709 1349 et

104 1386 177 1425 per
206 1372 333 1411 curias
362 1377 401 1410 et
430 1386 502 1425 per
528 1378 704 1411 senatum
733 1379 797 1412 aut
825 1372 960 1412 saltem
988 1386 1059 1426 per
1087 1379 1261 1412 senatum
1289 1372 1550 1411 confirmanda
1585 1372 1707 1411 fuisse

103 1442 305 1489 putarunt,
334 1435 451 1489 plane
479 1442 569 1475 sunt
595 1435 819 1477 subversae.
875 1436 952 1476 Sed
980 1436 1163 1490 quoniam
1191 1436 1400 1475 auctoritas
1421 1435 1561 1475 horum
1579 1435 1706 1476 adhuc

103 1504 211 1538 tanta
248 1497 346 1551 fuit,
391 1504 434 1538 ut
473 1498 653 1554 plerique
690 1500 845 1553 eorum,
885 1500 951 1554 qui
978 1498 1182 1538 historiam
1209 1498 1424 1538 Romanam
1451 1500 1704 1553 scripserunt,

103 1576 223 1603 unum
251 1561 316 1601 vel
344 1561 507 1602 alterum
535 1565 657 1603 secuti
684 1565 774 1617 sint,
803 1565 933 1603 facere
968 1576 1048 1602 non
1075 1577 1257 1616 possum,
1301 1564 1396 1617 quin
1432 1563 1589 1604 illorum
1616 1564 1706 1617 opi-

104 1626 241 1664 niones
269 1624 448 1664 refellam
476 1632 592 1679 atque
619 1626 866 1680 redarguam,
905 1628 1054 1666 etiamsi
1089 1626 1238 1680 aliquid
1274 1628 1551 1680 supervacanei
1576 1628 1706 1680 operis

102 1687 276 1726 facturus
304 1688 389 1727 sim.
446 1688 572 1740 Spero
601 1703 769 1743 quoque,
798 1694 832 1728 si
860 1690 946 1743 quis
965 1691 1036 1742 eis,
1065 1704 1166 1743 quae
1183 1704 1301 1742 supra
1322 1689 1583 1729 demonstrata
1602 1697 1704 1741 sunt,

103 1765 181 1790 non
210 1752 382 1804 potuerit
409 1751 565 1805 adduci,
595 1760 638 1793 ut
666 1754 715 1792 ad
743 1769 866 1794 meam
894 1753 1123 1793 sententiam
1151 1751 1366 1804 accederet,
1394 1752 1493 1804 fore,
1521 1758 1564 1791 ut
1590 1767 1704 1792 nemo

102 1815 166 1866 sit,
195 1815 263 1867 qui
291 1828 383 1867 non,
413 1830 533 1868 quum
565 1818 622 1856 eis
651 1816 906 1869 documentis,
933 1830 1019 1870 qum
1046 1815 1105 1855 illi
1133 1830 1207 1869 pro
1235 1817 1314 1855 suis
1348 1814 1601 1869 opinionibus
1634 1815 1705 1855 de-

101 1877 308 1917 fendendis
346 1878 568 1931 attulerint,
606 1894 686 1919 non
726 1880 780 1932 id,
818 1879 924 1934 quod
958 1879 1164 1931 senserint,
1210 1877 1279 1917 sed
1319 1877 1435 1931 plane
1469 1879 1705 1918 contrarium

100 1943 231 1995 potius
259 1942 420 1995 coargui
448 1942 696 1996 intellexerit,
724 1958 896 1997 prorsus>
921 1942 998 1982 sibi
1026 1942 1270 1997 persuadeat.
1325 1942 1414 1982 Iure
1446 1939 1703 1994 Niebuhrius,

100 2004 218 2045 homo
233 2004 570 2057 ingeniosissimus
584 2008 768 2059 omnium,
796 2008 863 2060 qui
882 2008 923 2045 in
943 2007 1062 2047 rebus
1088 2007 1276 2046 Romanis
1305 2004 1586 2058 cognoscendis
1612 2005 1703 2058 plu-

99 2069 241 2106 rimum
272 2073 416 2122 operae
444 2075 483 2109 et
510 2069 630 2108 studii
658 2076 966 2122 consumserunt,
986 2070 1126 2122 dignus
1146 2084 1231 2109 esse
1250 2068 1418 2121 videtur,
1448 2068 1556 2107 cuius
1570 2069 1705 2121 opinio

99 2131 227 2184 prima
254 2138 543 2184 percenseatur,
571 2133 800 2186 praesertim
820 2147 938 2187 quum
965 2132 1077 2172 multi
1095 2132 1159 2172 vel
1173 2132 1333 2186 plurimi
1362 2145 1509 2183 eorum,
1537 2131 1605 2184 qui
1632 2129 1705 2169 has

99 2208 163 2234 res
192 2200 420 2248 tractarunt,
450 2210 536 2235 eum
563 2196 808 2250 potissimum
837 2197 916 2236 sint
940 2197 1074 2239 secuti.
1141 2197 1227 2245 Qua
1262 2196 1449 2250 opinione
1485 2193 1551 2233 hic
1586 2192 1704 2234 homo
