1911 2442
146 232 375 283 (senatum),
405 232 439 270 si
468 230 582 284 plebs
611 245 693 270 rem
721 230 890 285 aliquam
918 233 1108 285 scivisset,
1135 232 1260 271 factos
1289 246 1373 272 esse
1401 233 1588 274 auctores.
1600 235 1631 286 ⁵)
1684 234 1744 287 ld,

147 294 254 348 quod
279 295 415 346 negari
441 308 520 333 nou
547 300 687 347 potest.
742 295 820 334 Sed
855 295 946 336 inde
980 309 1227 349 nequaquam
1264 293 1371 333 illico
1399 296 1587 349 sequitur,
1614 303 1658 336 ut
1683 297 1744 336 ius

146 357 243 397 illud
269 365 425 396 senatus
464 358 546 396 sive
584 364 735 410 patrum
771 358 858 411 lege
897 357 1068 398 Publilia
1105 358 1258 397 demum
1292 358 1343 396 sit
1366 357 1574 401 sublatum.
1629 360 1743 411 Nam,

146 420 252 475 quod
280 434 399 474 supra
432 421 527 459 satis
568 420 936 475 demonstravimus,
973 422 1050 460 iam
1090 427 1178 461 aute
1212 420 1338 473 legem
1374 419 1585 461 Publiliam
1612 429 1743 477 patres

145 497 344 538 nunquam
371 498 420 523 ne
448 484 487 522 in
517 485 757 535 gravissimis
793 484 949 538 quidem
985 483 1206 524 tribuniciis
1244 482 1515 535 rogationibus
1553 484 1744 537 plebisci-

146 554 273 587 torum
313 546 407 586 facti
446 553 537 585 sunt
574 553 762 589 auctores.
818 549 901 586 lam
927 546 1167 600 Walterum,
1208 548 1270 591 cui
1305 545 1467 585 multum
1507 561 1568 587 me
1595 547 1744 590 debere

144 609 315 649 libenter
342 609 542 660 confiteor,
572 609 802 651 omittamus.
847 610 1055 664 Reliquum
1084 617 1155 661 est,
1183 617 1230 651 ut
1252 624 1339 651 eam
1363 611 1601 664 opinionem,
1627 625 1743 665 qum

144 673 342 712 Petet-sius
353 673 386 719 ⁶)
427 672 576 724 posuit,
618 673 891 715 examinemus.
947 674 1023 722 Qui
1062 674 1103 713 in
1140 672 1294 725 legibus
1321 672 1478 713 Valeria
1512 675 1675 715 Horatia
1704 681 1744 715 et

86 784 96 789 ἶ
145 734 315 774 Publilia
344 734 581 787 explicandis
608 733 724 787 plane
753 749 839 774 cum
858 735 1076 776 Niebubrio
1105 736 1319 784 consensit3
1355 737 1396 774 in
1420 735 1506 788 lege
1533 738 1742 778 Hortensia

68 790 85 801 f
145 796 372 851 exponenda
400 796 505 835 aliud
533 811 627 835 vero
655 798 692 836 ei
718 799 843 836 visum
882 806 951 838 est.
1003 799 1163 837 Patrum
1198 799 1391 849 (senatus)
1431 799 1491 837 ius
1533 797 1741 851 plebiscita

144 867 227 899 rata
256 859 320 898 vel
347 857 438 897 non'
453 864 537 897 rata
565 858 737 898 habendi
766 863 916 901 censuit
939 876 1135 915 nunquam
1159 875 1208 900 ne
1236 861 1444 900 Hortensia
1472 860 1628 915 quidem
1654 861 1741 913 lege

144 938 230 964 esse
258 922 503 974 abrogatum,
535 921 605 963 sed
638 937 762 976 usque
801 923 850 961 ad
878 930 1048 963 extrema
1087 922 1311 976 reipublicae
1346 917 1535 962 Romana>
1561 930 1740 977 tempora

143 986 413 1041 permansisse.
443 985 569 1034 Quam
596 986 832 1038 opinionem,
864 987 937 1025 etsi
964 988 1041 1024 iam
1062 992 1192 1026 nostra
1211 987 1401 1026 sententia
1423 985 1675 1040 comprobata
1704 993 1742 1026 et

142 1048 353 1089 Niebuhrii
382 1047 633 1101 Walterique
656 1049 857 1089 erroribus
886 1051 1074 1090 convictis
1103 1049 1331 1102 refellimus,
1358 1056 1500 1100 tamen,
1520 1064 1578 1089 *ne
1604 1050 1667 1089 cui
1690 1064 1741 1090 ne

141 1112 301 1151 minima
328 1110 483 1164 quidem
512 1111 704 1151 dubitatio
734 1112 987 1165 relinquatur,
1016 1111 1220 1165 diluamus,
1258 1112 1348 1151 dum
1376 1111 1540 1164 singula·
1558 1112 1740 1166 deinceps

141 1181 385 1227 argumenta,
414 1188 499 1227 quae
531 1174 726 1214 Peter-sius
755 1174 895 1227 attulit,
930 1175 1214 1229 persequimur.
1266 1180 1416 1224 „Anno
1451 1177 1679 1215 CLXXXIX
1702 1190 1740 1217 a.

141 1238 232 1278 Chr.
261 1252 299 1278 n.
328 1239 371 1278 C.
402 1238 579 1276 Valerius
610 1242 766 1292 Tappus
792 1238 964 1277 tribunus
994 1237 1120 1292 plebis
1145 1238 1194 1277 de
1218 1239 1435 1279 Formianis
1468 1237 1740 1292 Fundanisque

141 1298 394 1354 municipibus
428 1308 465 1338 et
504 1300 758 1354 Arpinatibus
789 1301 1078 1355 promulgavit,
1114 1310 1155 1338 ut
1191 1301 1243 1339 eis
1280 1300 1463 1355 suffragii
1497 1301 1591 1340 latio
1628 1303 1740 1350 (nam

140 1373 262 1403 antea
287 1362 369 1402 sine
394 1364 584 1417 suffiugio
621 1363 837 1404 habuerant
875 1363 1088 1413 civitatem)
1114 1372 1219 1405 esset.
1274 1363 1375 1403 Huic
1412 1362 1610 1417 rogationi
1639 1377 1739 1417 qua-

140 1437 227 1467 tuor
264 1427 411 1465 tribuni
438 1426 584 1482 plebis,
621 1427 714 1480 quia
752 1441 830 1466 non
864 1442 915 1467 ex
951 1427 1180 1467 auctoritate
1216 1436 1372 1467 senatus
1399 1428 1573 1477 ferretur
1581 1457 1596 1475 ,
1622 1441 1741 1480 quum

140 1490 433 1538 intercederent,
474 1489 622 1538 edocti,
656 1491 794 1545 populi
828 1504 929 1538 esse,
965 1506 1045 1531 non
1079 1500 1234 1530 senatus
1270 1490 1323 1529 eis
1354 1490 1608 1543 suffragticm,
1651 1489 1739 1543 qui-

140 1554 208 1593 bus
252 1554 363 1601 velit,
390 1553 609 1608 impartiri,
636 1552 861 1593 destiterunt
887 1553 1080 1609 inceptof‘
1107 1552 1258 1602 Quibus
1286 1566 1329 1591 ex
1363 1552 1466 1590 Livii
1491 1551 1737 1604 (xxxvm.

138 1619 212 1666 56)
253 1615 387 1655 verbis
422 1612 517 1669 quid
558 1615 688 1668 colligi
727 1618 883 1669 potest?
939 1617 1040 1655 Num
1082 1622 1212 1669 patres
1257 1621 1434 1654 auctores
1484 1615 1577 1654 facti
1618 1616 1737 1653 sunt?

138 1694 231 1719 num
268 1686 425 1719 senatus
463 1678 679 1718 consultum
716 1685 775 1718 est
812 1679 983 1718 factum?
1036 1679 1210 1720 Minime.
1264 1678 1402 1731 Neque
1444 1676 1608 1727 dubium
1652 1690 1737 1716 esse

140 1742 313 1795 videtur,
349 1743 444 1796 quin
479 1741 562 1781 baec
598 1740 736 1781 verba:
774 1756 883 1794 „non
918 1755 974 1782 ex·
1004 1741 1237 1782 auctoritate
1270 1739 1456 1780 senatus«
1492 1737 1592 1779 nihil
1632 1737 1737 1778 aliud

138 1807 284 1857 dicant,
312 1806 387 1844 nisi
416 1819 463 1844 ex
489 1804 689 1844 voluntate
718 1810 756 1843 et
784 1806 975 1845 sententia
1001 1811 1169 1847 senatus.
1226 1805 1303 1852 Qui
1330 1817 1447 1857 quum
1472 1808 1639 1856 putaret,
1661 1802 1736 1853 sui,

137 1883 217 1908 non
245 1867 381 1921 populi
410 1881 495 1907 esse
522 1867 750 1918 suffragium
778 1868 990 1920 impertire,
1017 1873 1059 1906 ut
1086 1866 1168 1906 hoec
1195 1867 1348 1918 rogatio
1376 1861 1563 1917 ferretur,
1600 1862 1735 1905 noluit.

139 1931 214 1971 Cui
255 1938 423 1985 quatuor
461 1929 610 1970 tribuni
649 1929 778 1983 plebis
814 1945 934 1984 quum
968 1929 1216 1982 accederent,
1261 1929 1373 1968 initio
1414 1927 1505 1967 huic
1543 1926 1736 1979 rogationi

138 1996 387 2035 intercessuri
416 2000 536 2034 erant.
590 1993 700 2033 Nihil
729 2000 787 2034 est
813 1994 933 2046 igitur
958 1993 1035 2033 hoc
1063 1994 1103 2032 in
1131 1993 1233 2044 loco,
1262 1991 1366 2046 quod
1386 1990 1552 2030 Petersii
1579 1990 1736 2043 opinio-

253 2159 276 2191 5)
315 2158 393 2184 Vide
412 2158 481 2185 Liv.
501 2158 580 2184 Vnt.
600 2158 646 2185 37.
662 2159 712 2185 lx.
733 2158 779 2183 80.
799 2158 834 2185 x.
857 2157 873 2183 Β
892 2170 930 2176 -
951 2156 978 2183 9.
998 2155 1024 2187 ⁶)
1046 2156 1189 2190 Epochen
1211 2155 1265 2181 der
1286 2152 1663 2188 Versanungsgeschichtc
1684 2152 1737 2179 dor

316 2204 483 2231 romischen
507 2204 667 2239 Republik.
708 2204 834 2238 Leipzig
855 2202 937 2231 1841.
957 2203 988 2230 S.
1010 2202 1045 2229 9³
1065 2215 1100 2221 —·
1121 2202 1166 2229 95.
1190 2200 1251 2227 1⁰2.
