1911 2442
948 78 971 112 ’1

161 219 305 263 tuisset,
343 228 473 255 omnes
511 213 678 267 Quirites
713 216 977 254 tenerentur.“
1042 212 1185 252 Laelius
1218 210 1328 250 Felix
1365 211 1468 264 apud
1507 212 1674 252 Gellium
1712 214 1760 252 N·

161 281 240 318 Att.
267 278 356 319 XV.
383 280 449 318 27,

294 341 470 389 „Postea
507 340 570 379 lex
603 337 815 380 Hortensia
857 338 942 378 lata
979 347 1058 386 est,
1091 351 1171 392 qua
1208 345 1363 376 cautum
1390 346 1463 388 est,
1491 346 1534 376 nt
1557 337 1761 393 plebiscita

161 404 379 444 universam
401 403 587 458 populum
614 403 761 451 (omnes
788 401 971 453 Qtah‘tes)
996 401 1204 441 tenerent.“
1260 400 1379 438 Gaius
1410 404 1443 442 1.
1472 407 1507 450 §-
1535 405 1572 443 3,

291 465 404 516 „Sed
437 475 475 506 et
504 465 708 521 plebiscita
745 464 828 518 Iege
861 464 1068 504 Hortensia
1095 464 1181 503 lata
1214 476 1293 503 non
1320 463 1445 502 minus
1475 464 1613 516 valere,
1641 478 1761 519 quam

165 532 267 584 leges
295 532 540 585 coeperunt.“
594 527 721 568 lustit.
745 526 776 568 l.
801 530 838 566 2.
864 529 905 567 4.

904 637 939 682 §-
976 635 1014 674 4.

293 717 382 754 Hoc
408 715 528 766 igitur
554 714 631 752 iam
658 715 824 767 primum
851 713 1020 752 omnium
1048 719 1212 764 constat,
1240 728 1289 752 ne
1315 727 1431 752 unam
1445 713 1602 767 quidem
1624 727 1760 753 vocem

162 778 266 833 apud
293 777 380 831 hos,
409 791 508 831 quos
522 775 638 817 modo
661 776 871 829 nominavi,
891 782 1068 816 auctores
1088 776 1265 829 reperiri,
1283 775 1385 816 unde
1407 778 1601 818 coniicerc
1618 777 1760 831 possis,

160 842 394 896 plebiscita,
421 841 498 878 nisi
525 846 565 879 ct
590 855 662 892 per
689 841 818 879 curias
854 847 893 879 et
930 854 1000 892 per
1036 846 1211 878 senatum
1245 854 1290 878 ea
1320 847 1478 893 accepta
1506 855 1551 879 ac
1580 854 1762 893 compro-

161 905 252 946 bata
282 908 432 954 essent,
469 902 656 956 populum
692 917 770 943 nou
806 904 986 945 tenuisse.
1041 902 1191 951 Quodsi
1229 917 1323 942 vero
1363 902 1446 943 haec
1472 903 1645 943 conditio
1673 917 1760 943 cum

161 966 380 1008 Niebuhrio
408 971 447 1005 et
473 964 560 1004 aliis
588 964 833 1018 adiungenda
861 973 976 1018 esset,
1003 972 1106 1005 certe
1138 980 1237 1004 unus
1269 972 1310 1005 et
1345 965 1442 1006 alter
1490 966 1645 1006 illorum
1676 981 1762 1006 eam

163 1030 378 1071 adiecisset.
433 1028 511 1067 Sed
538 1034 640 1081 sunt,
670 1029 737 1082 qui
765 1028 910 1081 dicant,
938 1027 1012 1067 hoc
1046 1027 1097 1066 ab
1136 1027 1214 1067 illis
1253 1029 1532 1082 scriptoribus,
1572 1031 1639 1083 qui
1667 1028 1762 1069 hre-

162 1094 274 1132 vitati
306 1092 525 1143 studerent,
560 1106 645 1131 esse
684 1093 888 1141 omissum;
925 1091 966 1129 id
993 1090 1095 1144 quod
1128 1091 1258 1130 multis
1287 1091 1335 1130 de
1371 1093 1497 1131 causis
1524 1092 1629 1131 haud
1656 1093 1763 1132 veri-

161 1155 288 1195 simile
324 1169 409 1194 esse
448 1154 612 1197 videtur.
679 1156 887 1205 Attamen,
936 1167 1011 1208 quo
1051 1154 1176 1205 magis
1212 1154 1346 1207 opinio
1384 1169 1539 1207 eorum,
1577 1155 1643 1209 qui
1687 1168 1762 1208 pu-

163 1225 266 1272 tent,
304 1217 620 1272 plebiscitorum,
663 1223 707 1257 ut
744 1216 933 1271 populum
959 1223 1153 1269 tenerent,
1195 1217 1310 1256 curiae
1338 1224 1377 1258 et
1403 1224 1559 1257 senatus
1587 1224 1763 1259 auctores

161 1283 301 1321 fierent
333 1287 425 1333 post
460 1280 585 1331 legem
624 1279 823 1319 Valeriam
850 1282 1050 1319 Horatiam
1083 1294 1242 1319 necesse
1269 1281 1404 1332 fuisse,
1441 1281 1616 1319 funditus
1649 1294 1763 1319 ever-

161 1349 278 1396 tatur,
304 1348 344 1382 et
369 1357 448 1397 quo
466 1342 607 1389 clarius
631 1341 685 1395 id,
713 1341 819 1397 quod
842 1348 901 1382 est
915 1342 1117 1397 proprium
1131 1349 1273 1381 nostra!
1296 1343 1534 1397 quaestionis,
1562 1348 1763 1397 appareat,

162 1413 254 1460 post
281 1405 407 1458 legem
443 1406 640 1446 Valeriam
687 1407 889 1445 Horatiam
922 1407 1039 1446 latam
1075 1405 1280 1459 plebiscita
1321 1421 1447 1460 neque
1484 1408 1602 1446 curiis
1636 1420 1764 1459 neque

163 1475 299 1510 senatu
312 1468 536 1510 auctoribus
549 1469 663 1509 factis
674 1468 861 1523 populum
874 1470 1055 1522 tenuisse,
1075 1470 1165 1521 iam,
1185 1467 1276 1508 dum
1288 1483 1347 1522 ea,
1372 1483 1459 1524 quae
1486 1484 1509 1509 a
1537 1468 1762 1524 primordiis

163 1533 280 1574 liberi
307 1533 444 1588 populi
471 1548 595 1588 usque
624 1533 672 1573 ad
700 1533 1000 1574 dominationem
1029 1533 1145 1573 Sullae
1185 1534 1226 1573 in
1260 1534 1503 1586 gravissimis
1542 1533 1764 1573 tribuniciis

164 1596 433 1649 rogationibus
461 1602 576 1650 atque
604 1596 821 1650 plebiscitis
849 1603 937 1636 acta
963 1603 1064 1649 sunt,
1093 1598 1377 1650 persequimur,
1396 1611 1608 1650 nunquam,
1637 1610 1764 1650 neque

165 1666 254 1700 ante
288 1674 415 1714 neque
439 1655 681 1713 post'legem
696 1660 894 1700 Valeriam
920 1662 1134 1714 Horatium,
1164 1662 1292 1701 curias
1316 1668 1355 1701 et
1380 1667 1557 1701 senatum
1585 1661 1646 1699 ius
1674 1659 1763 1713 ple-

165 1721 305 1761 biscita
330 1728 415 1761 rata
441 1722 505 1762 vel
531 1738 610 1762 non
637 1729 722 1763 rata
750 1723 920 1763 habendi
947 1723 1162 1763 obtinuisse
1189 1723 1488 1763 demonstraturi
1513 1737 1657 1765 sumus.
1686 1722 1765 1762 Sed

165 1790 209 1824 ut
246 1785 379 1838 priora
415 1787 772 1839 praetermittamus,
808 1788 886 1826 iam
919 1788 1048 1829 statim
1080 1801 1148 1840 ea,
1187 1801 1271 1841 quae
1309 1793 1394 1826 acta
1428 1793 1531 1839 sunt,
1558 1793 1766 1840 postquam

166 1846 312 1887 Volero
339 1846 532 1886 Publilius
559 1861 662 1887 anno
691 1848 982 1891 CCCCLXXII
1008 1864 1041 1893 a.
1070 1849 1165 1891 Chr.
1204 1864 1242 1892 n.
1270 1850 1513 1902 rogationem
1551 1849 1654 1902 tulit,
1691 1858 1767 1898 „ut

162 1910 305 1965 plebeii
345 1911 598 1965 magistratus
633 1912 786 1952 tributis
831 1914 993 1954 comitiis
1032 1914 1201 1963 fierenff‘
1239 1928 1517 1965 cognoscamus
1553 1920 1670 1967 atque
1706 1927 1766 1965 ea,

167 1987 252 2028 qua!
280 1974 330 2014 ad
355 1989 439 2015 rem
465 1979 638 2015 nostram
664 1975 994 2031 comprobandam
1022 1978 1216 2031 pertinere
1249 1976 1466 2029 videantur,
1503 1991 1548 2016 ex
1583 1976 1699 2016 Livio
1728 1982 1767 2015 et

166 2036 357 2090 Dionysio
384 2037 701 2079 transcribamus.
754 2041 921 2089 „Primo
948 2055 1054 2081 anno
1081 2041 1169 2081 huic
1201 2041 1359 2093 actioni,
1394 2041 1631 2095 gratissimoe
1662 2038 1770 2094 plebi

167 2112 318 2139 summa
347 2099 388 2137 vi
409 2101 590 2141 resistunt
613 2112 764 2158 patres,
791 2117 873 2156 nec,
902 2118 990 2158 quae
1015 2117 1096 2142 una
1127 2104 1181 2143 vis
1218 2103 1275 2142 ad
1306 2103 1559 2145 resistendum
1585 2112 1688 2151 erat,
1725 2110 1768 2140 ut

169 2162 416 2205 intercederet
442 2165 582 2220 aliquis
614 2181 665 2208 ea:
701 2166 859 2222 collegio
896 2167 1133 2209 tribunorum
1148 2198 1169 2216 „
1203 2168 1435 2209 auctoritate
1467 2177 1537 2208 aut
1574 2166 1769 2208 consulum
