1911 2442
916 82 970 119 20
998 117 1000 119 ,

133 205 196 245 bis
225 202 320 260 quid
348 206 525 246 clarius?
553 207 711 246 Nemini
739 206 901 247 dubium
929 222 1013 247 esse
1041 214 1183 262 potest,
1212 223 1312 263 quae
1338 211 1390 249 sit
1416 211 1489 263 vis,
1518 225 1618 265 quae
1645 225 1738 251 sen-

133 270 254 310 tentia
282 269 396 309 huius
423 270 533 323 legis.
588 269 814 323 Plebiscita,
844 284 944 325 quae
972 276 1085 311 autea
1111 286 1228 311 unam
1256 272 1378 312 solam
1392 280 1541 327 partem
1557 275 1738 328 civitatis,

131 332 305 386 plebem,
335 340 558 386 tenuerant,
587 341 678 386 post
704 333 806 373 hane
831 334 971 386 legem,
999 336 1034 373 si
1070 336 1225 388 patricii
1259 350 1344 375 eam
1372 337 1594 390 servabant,
1623 339 1739 377 etiam

131 395 320 449 populum
346 397 430 435 sive
455 398 657 450 patricios,
686 411 819 436 omnes
848 398 1017 446 Quirites
1045 397 1242 449 tenebant,
1272 397 1434 437 eandem
1461 400 1593 452 igitur,
1621 414 1738 454 quam

131 458 238 512 leges
266 460 307 498 in
335 461 503 499 comitiis
531 462 755 500 centuriatis
784 459 870 500 latae
881 491 894 513 ,
935 460 1007 500 hac
1043 460 1200 515 quidem
1239 462 1390 502 ratione
1432 461 1633 502 habebant
1658 463 1738 502 vim

133 537 179 563 ac
207 530 453 577 potestatem,
491 531 533 564 ut
568 539 701 564 omnes
730 524 887 578 quidem
916 525 1086 575 Quirites
1112 531 1297 568 tenerent.
1351 526 1445 565 Haec
1471 540 1565 565 vero
1591 526 1651 564 vis
1679 533 1739 565 est

132 589 173 625 in
209 586 428 640 plebiscitis
461 601 533 640 per
574 602 616 627 se
652 588 765 640 ipsis,
793 603 921 641 neque
953 602 1024 642 per
1049 588 1204 627 Livium
1242 603 1369 642 neque
1403 603 1475 642 per
1506 589 1738 642 Dionysium

131 649 234 692 licet,
264 650 312 690 de
347 650 427 689 ulla
463 650 710 690 adiunctione
758 652 943 703 cogitare.
1001 649 1112 689 Nihil
1144 652 1247 689 enim
1282 657 1620 691 commemoratum
1664 657 1737 703 est,

132 713 263 757 curiae
291 713 354 753 vel
381 720 511 766 patres
539 712 602 752 vel
641 714 795 767 utrique
836 713 973 753 fierent
1007 719 1185 753 auctores
1220 726 1380 752 necesse
1415 714 1547 755 fuisse.
1600 714 1737 768 ltaque

131 783 243 815 vetus
281 776 347 815 illa
374 775 448 815 hac
475 776 523 815 de
550 776 637 828 lege
666 776 824 815 Valeria
851 776 1012 814 Horatia
1041 777 1189 828 opinio,
1220 790 1337 828 quam
1365 790 1498 815 omnes
1527 776 1625 828 fere,
1666 776 1735 830 qui

132 845 221 879 ante
248 838 509 879 Niebuhrium
534 839 586 878 de
614 838 733 878 rebus
761 839 948 878 Romanis
974 839 1228 892 scripserunt,
1270 840 1393 877 secuti
1428 844 1552 890 eraut,
1580 838 1629 877 de
1659 853 1737 892 qua

131 908 266 942 nostra
293 909 404 942 aetate
435 916 583 955 omnes,
613 917 691 942 uno
721 901 994 955 Goettlingi0⁸J
1024 908 1200 955 excepto,
1229 900 1491 953 decesserunt,
1518 916 1653 941 rursus
1671 917 1737 942 re-

131 966 265 1005 stituta
294 972 364 1007 est.
419 965 530 1005 Nihil
566 980 722 1020 quoque
758 980 881 1005 causae
916 973 986 1017 est,
1028 964 1134 1019 quod
1174 966 1347 1016 mireris,
1388 964 1599 1018 plebiscita
1635 964 1736 1005 hanc

130 1035 300 1080 tantam,
337 1035 380 1067 ut
414 1029 602 1081 populum
638 1035 828 1079 tenerent,
870 1030 950 1068 vim
976 1030 1187 1082 accepisse.
1242 1029 1342 1067 Nam
1370 1042 1441 1080 per
1468 1027 1624 1080 plebem
1652 1035 1736 1068 erat

130 1091 241 1130 triste
269 1090 367 1129 illud
394 1090 651 1129 decemvirale
679 1092 885 1143 imperium
912 1090 1121 1142 sublatum,
1155 1089 1317 1129 libertas
1354 1089 1558 1143 liberaque
1594 1105 1736 1143 respu—

130 1153 237 1193 blica
256 1153 452 1206 omnibus,
467 1155 582 1193 etiam
601 1155 776 1207 patriciis
798 1154 993 1204 restituta3
1021 1152 1136 1207 plebs
1165 1154 1241 1192 iam
1260 1152 1460 1192 homiuum
1477 1153 1734 1206 multitudine,

130 1217 250 1268 agris,
279 1215 450 1254 fortibus
477 1217 575 1255 viris
603 1223 682 1255 tam
710 1216 839 1255 valida
869 1224 952 1256 erat
977 1217 1096 1269 facta,
1124 1223 1168 1255 ut
1196 1217 1370 1269 potentia
1405 1217 1591 1269 patricios
1619 1231 1736 1256 exsu-

129 1286 305 1333 peraret3
334 1278 514 1318 Valerius
542 1286 581 1319 et
607 1280 793 1319 Horatius
821 1279 999 1320 consules
1028 1279 1138 1333 plebi
1166 1285 1205 1318 et
1231 1293 1301 1318 sua
1329 1280 1502 1332 ipsorum
1516 1285 1655 1319 natura
1683 1287 1735 1334 et,

130 1343 223 1396 quia
265 1343 468 1395 promissis
501 1342 680 1382 obstricti
719 1349 850 1395 erant,
894 1342 1092 1383 favebant.
1148 1342 1235 1381 Huc
1270 1341 1494 1394 accedebat,
1533 1348 1577 1380 ut
1602 1357 1735 1381 rerum

129 1411 253 1444 status
287 1404 356 1444 illo
397 1411 586 1458 tempore,
625 1420 735 1459 paene
773 1406 936 1445 dixerim
972 1405 1243 1445 necessitatem
1281 1403 1396 1443 huius
1439 1404 1538 1456 legis
1567 1405 1736 1449 afferret.

130 1468 273 1507 Omnia
301 1468 417 1520 enim,
446 1475 490 1507 ut
516 1469 593 1507 iam
621 1469 796 1522 exposui,
824 1483 894 1522 per
931 1467 1086 1521 plebem
1117 1474 1203 1506 acta
1239 1473 1366 1517 erant3
1405 1467 1519 1520 plebs
1553 1469 1733 1521 sciverat,

130 1530 310 1571 consules
339 1545 423 1575 esse
453 1531 661 1581 creandos;
702 1532 743 1570 id
777 1546 871 1571 vero
915 1532 955 1570 in
983 1537 1236 1570 controverso
1265 1531 1363 1577 iure,
1401 1536 1443 1569 ut
1470 1531 1573 1570 Livii
1601 1530 1734 1570 verbis

128 1601 239 1646 utar,
287 1600 393 1646 erat,
433 1600 705 1633 tenerenturne
747 1600 877 1648 patres
915 1593 1143 1647 plebiscitis.
1213 1592 1364 1641 Quibus
1413 1592 1532 1632 rebus
1568 1593 1734 1647 plebeiis

129 1657 306 1709 contigit,
337 1664 379 1696 ut
405 1656 481 1695 hoc
516 1662 667 1695 tantum
704 1656 947 1699 commodum
980 1662 1321 1710 consequerentur.
1359 1657 1444 1696 Hac
1483 1657 1585 1696 enim
1623 1656 1732 1709 leget

132 1729 213 1768 „ut,
244 1719 351 1773 quod
386 1720 560 1758 tributim
587 1719 699 1774 plebs
734 1721 914 1768 iussisset,
949 1721 1137 1775 populum
1176 1723 1361 1771 teneret“,
1399 1725 1443 1757 ut
1470 1719 1604 1757 Livius
1632 1717 1734 1757 bene

129 1782 325 1834 adiunxit,
361 1784 590 1821 acerrimum
628 1781 849 1821 tribuniciis
886 1781 1157 1834 rogationibus
1196 1781 1316 1820 telum
1353 1781 1484 1819 datum
1528 1788 1599 1823 est.
1655 1781 1734 1820 Sed

128 1846 297 1885 fortasse
325 1845 466 1885 dixerit
494 1846 703 1898 quispiam,
732 1847 766 1884 si
788 1846 875 1899 lege
902 1846 1061 1885 Valeria
1103 1846 1267 1885 Horatia
1306 1845 1385 1884 lata
1423 1843 1628 1897 plebiscita
1656 1845 1734 1882 iam

128 1923 200 1962 per
226 1923 269 1948 se
299 1909 385 1947 sine
411 1908 491 1947 ulla
521 1908 769 1948 adiunctione
797 1924 924 1964 neque
951 1910 1069 1950 curiis
1097 1923 1224 1963 neque
1252 1908 1430 1962 patribus
1457 1908 1571 1946 factis
1597 1912 1733 1946 aucto-

127 1971 239 2026 ribus
267 1971 455 2025 populum
482 1974 701 2025 tenuerint,
741 1973 849 2013 nullo
891 1975 1048 2025 negotio
1085 1972 1265 2012 tribunos
1301 1971 1431 2026 plebis
1460 1977 1580 2011 totam
1608 1971 1741 2027 patri-⁴

128 2036 277 2075 ciorum
305 2035 608 2076 dominationem
635 2036 786 2090 tollere,
816 2052 930 2077 omne
957 2038 1012 2077 eis
1037 2038 1315 2090 imperium'ac
1331 2040 1560 2089 potestatem
1581 2035 1733 2088 eripere

241 2181 267 2213 ⁸)
289 2182 471 2210 Gezchichte
490 2183 544 2210 der
562 2183 731 2210 romischen
748 2181 1037 2216 Staataverfassung
1056 2187 1119 2208 von
1138 2180 1213 2207 Karl
1233 2180 1326 2209 §vum
1350 2179 1498 2215 Giittung.
1537 2179 1627 2207 ualle
1648 2177 1732 2207 1840.
