1911 2442
944 101 990 142 {i

168 246 253 294 Qua
282 244 358 283 alia
385 250 468 282 arte
495 242 601 294 leges
629 242 714 280 Caii
743 240 911 281 Gracchi
938 241 1014 279 iam
1040 239 1199 294 perlatae
1229 239 1436 292 quominus
1474 238 1769 297 perficerentur,

167 315 323 348 senatus
351 305 514 358 obstitit,
543 306 619 345 nisi
646 319 717 359 per
743 304 790 346 L.
817 304 987 343 Drusum
1012 302 1211 343 tribunum
1227 300 1355 356 plebis
1377 300 1455 341 sibi
1475 305 1769 355 comparatum?

167 371 285 411 Nulla
313 384 406 421 ergo
434 368 679 422 significatio,
707 367 858 407 nullum
877 367 1082 419 vestigium
1097 381 1224 421 neque
1246 367 1397 419 primis,
1414 381 1542 419 neque
1560 368 1769 419 postremis

168 431 391 486 reipublicae
409 431 662 485 temporibus,
678 444 803 484 neque
817 435 919 481 ante,
950 443 1072 482 neque
1089 435 1179 482 post
1205 428 1331 480 legem
1347 428 1544 467 Valeriam
1564 430 1769 469 Hor-‘utiam

167 497 331 549 reperiri
358 502 498 549 potest,
527 494 629 533 unde
657 500 763 532 recte
791 492 1005 544 colligatur,
1034 493 1161 542 curias
1188 498 1227 531 et
1244 498 1443 531 senatores
1466 490 1761 544 plebiscitorum

167 564 337 613 unquam
373 558 497 597 factos
525 571 610 596 esse
646 562 834 599 auctores.
900 556 984 594 Imo
1023 570 1117 596 vero
1155 556 1285 609 potius
1323 554 1443 594 multa
1471 561 1511 594 et
1538 556 1766 607 gravissima

168 622 338 674 obstant,
367 621 572 674 quominus
600 620 730 658 facere
757 621 962 672 possimus,
991 626 1032 658 ut
1058 620 1184 658 curias
1221 624 1260 657 et
1286 625 1464 657 senatum
1491 633 1660 671 unquam
1689 618 1766 659 hoc

167 684 351 723 habuisse
379 685 439 721 ius
468 683 679 724 credamus.
733 683 833 735 Nam
861 679 1038 721 omnibus
1067 696 1166 735 quos
1195 680 1307 719 attuli
1334 679 1446 732 locis,
1476 680 1619 734 quibus
1650 683 1767 721 etiam

169 747 301 800 plures
329 747 413 785 sine
441 746 596 796 negotio
626 744 717 783 addi
735 751 912 798 possunt,
940 744 1116 796 vidimus,
1138 750 1282 797 patres,
1301 743 1493 793 consules,
1513 745 1767 796 patriciorum

167 810 357 862 primores
395 821 526 847 omnes
565 808 649 846 vias
687 808 800 859 inire,
840 821 973 847 omnes
999 808 1168 846 rationes
1196 814 1312 860 atque
1339 805 1503 846 consilia
1532 820 1687 859 capere,
1716 807 1766 847 ad

167 885 305 924 preces
335 871 561 921 confugere,
590 870 719 921 minis,
749 871 946 908 acerrimis
972 868 1212 908 orationihus
1241 875 1376 907 contra
1402 868 1582 907 tribunos
1610 875 1648 907 et
1675 869 1763 921 ple-

168 932 258 974 bem
285 947 365 973 non
393 931 608 984 abstinere,
635 930 699 971 vel
727 931 824 972 adeo
853 931 902 971 ab
923 933 1051 985 armis,
1072 932 1113 970 vi
1141 937 1257 989 atque
1271 932 1417 985 impetu
1436 945 1513 969 non
1535 929 1765 985 abhorrere,

170 997 284 1049 nihil,
312 1003 355 1036 ut
380 996 492 1035 brevi
520 995 659 1047 dicam,
688 997 929 1048 inexpertum
969 997 1156 1047 omittere,
1194 1010 1242 1034 ne
1279 996 1431 1047 rogatio
1460 993 1606 1047 aliqua,
1641 1009 1663 1034 a
1692 997 1765 1035 tri-

167 1059 274 1098 buno
309 1058 437 1113 plebis
473 1057 730 1111 promulgata,
759 1058 995 1111 perferretur
1031 1072 1127 1096 neve
1167 1056 1279 1110 plebs
1320 1056 1496 1095 tributim
1536 1057 1765 1110 suffragium

168 1125 295 1164 iniret.
358 1124 460 1162 Num
506 1121 683 1174 profecto
724 1123 828 1160 omni
866 1136 940 1174 ope
979 1127 1092 1174 atque
1128 1134 1248 1173 opera
1287 1121 1440 1174 patricii
1479 1121 1580 1160 enixi
1620 1128 1764 1173 esseut,

165 1187 259 1225 'num
292 1192 370 1224 tam
410 1176 550 1224 acriter
587 1184 896 1236 contendissent,
939 1198 988 1222 ne
1021 1183 1174 1235 rogatio
1209 1183 1464 1235 perferretur,
1506 1184 1540 1222 si
1578 1185 1639 1222 sui
1668 1185 1764 1223 iuris

167 1262 322 1300 sumque
347 1244 549 1299 ‘potestatis
576 1247 726 1298 fuisset,
754 1246 1000 1299 plebiscitum
1027 1245 1248 1296 abrogare?
1301 1246 1353 1284 Et
1379 1259 1494 1298 pone,
1518 1253 1561 1284 ut
1579 1246 1626 1285 de
1645 1248 1765 1285 curiis

171 1316 334 1361 taceam,
363 1315 537 1348 senatum
565 1308 640 1348 hoc
676 1310 736 1348 ius
773 1308 969 1350 habuisse.
1032 1307 1136 1356 Quid
1171 1307 1326 1347 tandem
1361 1309 1564 1360 potestatis
1600 1310 1635 1348 ei
1668 1323 1765 1348 con-

170 1386 320 1412 cessum
350 1373 480 1411 esset?
535 1371 696 1423 Nonne,
745 1385 862 1425 quum
900 1370 1062 1409 Senatus
1101 1369 1348 1423 plebiscitum
1392 1369 1550 1424 aliquod
1588 1372 1765 1424 patriciis

170 1434 375 1475 adversum
403 1450 483 1474 non
508 1440 634 1474 ratum
661 1433 881 1487 habuisset,
910 1433 1057 1474 tribuni
1085 1433 1227 1487 plebis,
1256 1434 1323 1488 qui
1352 1440 1440 1473 ante
1472 1433 1606 1473 valvas
1633 1435 1765 1475 curiae

168 1498 307 1552 positis
335 1497 532 1537 subselliis
561 1497 715 1537 decreta
742 1504 896 1550 patrum
924 1498 1175 1537 attentissima
1203 1512 1294 1553 cura
1322 1497 1606 1550 examinabant,
1637 1499 1764 1538 inter-

168 1562 404 1601 cessissent?
433 1560 575 1614 quibus
597 1560 925 1600 intercedentibus
949 1562 989 1600 in
1005 1567 1139 1601 senatu
1152 1560 1250 1600 nihil
1264 1568 1460 1614 peractum
1477 1569 1547 1604 est.
1577 1561 1655 1602 Sed
1667 1562 1764 1601 mihi

169 1623 324 1677 quidem
351 1622 612 1675 Niebubrius,
650 1638 672 1662 a
707 1638 784 1677 quo
812 1622 909 1663 haec
946 1625 1090 1677 opinio,
1119 1631 1249 1664 nostra
1291 1630 1415 1664 aetate
1451 1639 1545 1664 sane
1572 1625 1762 1677 vulgaris,

170 1685 391 1737 plebiscita,
420 1693 463 1724 ut
492 1685 678 1738 populum
705 1692 893 1738 tenerent,
921 1700 993 1739 per
1019 1688 1145 1725 curias
1181 1693 1220 1725 et
1253 1695 1428 1726 senatum
1468 1688 1590 1727 fuisse
1619 1688 1764 1728 confir-

169 1746 323 1798 manda,
352 1749 509 1787 inventa
537 1754 574 1787 et
604 1748 762 1787 inducta
790 1754 861 1800 est,
890 1750 1019 1801 potius
1047 1749 1212 1788 formam
1240 1751 1469 1788 nostratium
1496 1751 1695 1789 civitatum
1715 1751 1765 1789 ad

168 1824 231 1850 res
258 1810 455 1850 Romanas
482 1810 739 1863 transtulisse,
764 1826 880 1865 quam
895 1818 1034 1852 statum
1054 1826 1183 1852 rerum
1198 1812 1459 1852 Romanarum
1476 1813 1604 1865 ipsum
1623 1814 1765 1853 acriter

169 1874 384 1927 inspexisse
414 1880 453 1913 et
479 1874 570 1914 inde
598 1888 707 1913 suam
735 1876 959 1927 opinionem
985 1877 1208 1929 concepisse
1244 1875 1411 1917 videtur.
1465 1876 1584 1929 Apud
1612 1875 1765 1928 Anglos

168 1936 315 1989 utiq'ue,
343 1936 627 1988 Francogallos
661 1944 699 1977 et
734 1936 854 1990 alios,
885 1939 953 1992 qui
984 1939 1032 1978 ad
1059 1938 1214 1978 illorum
1250 1937 1447 1991 exemplar
1474 1953 1567 1978 suae
1595 1939 1765 1978 civitatis

167 1998 333 2038 formam
359 1999 564 2051 finxerunt,
593 2015 662 2040 cae
688 2006 836 2040 tantum
863 2000 971 2053 leges
998 2016 1130 2042 omnes
1165 2007 1317 2053 tenent,
1355 2016 1455 2055 quae
1493 2000 1545 2040 ab
1583 2001 1765 2042 omnibus

167 2058 295 2100 tribus
321 2061 582 2114 potestatibus
611 2069 649 2102 et
684 2077 706 2102 a
743 2064 921 2118 principe
963 2071 1000 2105 et
1027 2064 1077 2104 ab
1116 2070 1280 2118 utraque
1308 2064 1416 2104 curia
1443 2070 1482 2104 et
1508 2063 1698 2104 nobilium
1727 2071 1766 2105 et

168 2123 305 2178 populi
340 2124 601 2178 comprobatae
629 2133 729 2169 sunt.
757 2127 934 2167 Romana
962 2129 1096 2168 civitas
1124 2126 1275 2166 duabus
1303 2128 1415 2166 initio
1436 2128 1643 2167 constabat
1669 2141 1764 2181 par-

169 2186 288 2241 tibus,
316 2202 362 2227 ex
388 2188 564 2242 patriciis
593 2195 631 2230 et
659 2189 845 2244 plebeiis;
885 2203 998 2232 omne
1037 2192 1241 2245 imperium
1277 2197 1361 2231 erat
1397 2205 1517 2245 penes
1554 2192 1763 2246 patricios3

1284 2249 1336 2284 2*
