1911 2442
919 82 969 126 ¹5

149 212 392 252 doctissimus
430 210 569 262 fuerit,
608 210 683 248 iam
727 224 845 264 supra
884 225 907 249 a
948 224 1008 250 me
1047 210 1194 250 dictum
1230 215 1269 248 et
1304 208 1355 248 ab
1394 210 1481 262 ipso
1509 210 1653 263 optime
1680 217 1739 250 est

145 274 439 328 explanatum.⁸)
486 273 581 310 <Hoc
599 286 694 311 vero
715 272 811 311 mihi
832 272 1158 326 praemonendum
1185 286 1270 311 esse
1289 272 1451 324 videtur,
1479 272 1738 311 Niebuhr-ium

146 352 276 392 quum,
303 335 390 388 lege
403 333 560 374 Valeria
576 335 736 374 Horatia
761 334 853 389 lata,
881 349 940 388 ea,
964 350 1062 390 quae
1090 334 1202 389 plebs
1229 335 1419 387 scivisset,
1447 349 1518 388 per
1546 336 1673 374 curias
1698 341 1737 374 et

144 406 289 453 patres,
313 405 357 438 ut
382 398 789 452 populumtenerent,
824 405 909 438 rata
943 397 1180 438 haberentur
1215 412 1371 438 necesse
1397 398 1538 450 fuisse,
1576 398 1734 437 doceret

146 469 261 516 atque
297 468 508 515 statueret,
552 474 632 501 non
678 460 864 513 suffragia
909 460 1054 515 plebis,
1083 461 1227 516 quibus
1253 459 1401 500 tribuni
1433 459 1559 514 plebis
1588 460 1734 515 aliique

144 525 291 579 plebeii
326 526 573 577 magistratus
611 531 854 576 crearentur,
892 524 962 565 sed
991 525 1075 565 sola
1110 524 1341 578 plebiscita,
1383 524 1525 578 quibus
1560 526 1735 577 rogatio-

144 602 214 628 nes
242 586 477 626 tribuniciae.
499 586 776 639 perferrentur,
804 588 974 640 potuisse
1001 590 1182 639 cogitare.
1233 587 1365 626 Primo
1396 601 1491 625 vero
1515 588 1552 626 ei
1580 588 1736 626 fuerunt

145 656 386 702 argmenta,
413 662 491 702 quo
508 648 779 702 comprobaret
805 649 860 702 id,
889 649 992 703 quod
1007 651 1184 702 sentiret,
1202 649 1299 689 haec
1313 649 1447 701 verba,
1467 664 1566 703 quae
1586 648 1735 689 Gellius

144 714 194 754 N.
231 714 310 751 Att.
346 712 454 752 xm.
493 716 557 750 15.
583 726 629 751 ex
653 712 845 752 Messalae
873 713 1029 764 auguris
1047 712 1161 751 libro
1189 711 1238 752 de
1266 714 1449 766 auspiciis
1475 712 1735 766 transcripsit:

144 776 433 823 „patriciorum
468 775 644 829 auspicia
682 776 723 814 in
749 775 848 815 duas
880 786 967 815 sunt
998 776 1128 815 divisa
1158 785 1390 830 potestates,
1428 777 1605 815 maxima
1645 785 1735 815 sunt

144 838 354 886 consulum,
375 847 613 893 praetorum,
635 852 831 879 censorum
858 869 867 878 .
897 869 906 878 .
934 871 943 881 .
972 869 981 879 .
1006 840 1236 893 reliquorum
1254 840 1552 893 magistratuum
1580 838 1734 877 minora

147 911 237 941 sunt
262 901 456 955 auspicia:
484 923 537 929 —
562 900 647 941 ideo
674 902 730 941 illi
754 903 933 950 minores,
960 903 1000 942 hi
1023 904 1188 942 maiores
1206 903 1458 955 magistratus
1476 902 1734 958 appellantur,

143 963 354 1004 Minoribus
397 964 574 1006 creandis
620 965 909 1017 magtstratibm
954 967 1102 1005 tributis
1144 966 1304 1005 comitiis
1344 966 1625 1019 magistratus,
1665 963 1737 1004 sed

143 1026 275 1068 iustius
301 1026 452 1066 curiata
475 1026 593 1067 datur
617 1028 717 1082 lege:
744 1028 908 1068 maiores
934 1029 1152 1069 centuriatis
1178 1029 1339 1068 comitiis
1357 1029 1506 1080 fiunt.“
1533 1027 1610 1068 Sed
1629 1041 1735 1082 quo-

143 1091 246 1129 niam
274 1088 349 1128 hoc
375 1089 462 1128 loco
489 1105 569 1129 non
596 1090 645 1130 de
661 1090 890 1144 plebiscitis,
918 1091 989 1130 sed·
1005 1098 1152 1131 tantum
1167 1091 1215 1131 de
1236 1091 1527 1143 magistratibus·
1539 1090 1732 1143 creandis,

142 1151 183 1191 id
210 1152 314 1207 quod
342 1151 440 1192 nihil
480 1153 529 1192 ad
556 1168 637 1193 rem
666 1154 813 1207 attinet,
843 1160 903 1194 est
928 1169 1065 1208 sermo,
1092 1156 1179 1209 quis
1207 1161 1278 1207 est,
1307 1155 1374 1209 qui
1402 1169 1489 1194 cum
1515 1153 1733 1194 Niebuhrio

142 1215 234 1260 inde
262 1218 522 1268 argumentari
550 1231 666 1258 ausus
702 1218 770 1269 sit,
804 1217 1008 1271 plebiscita
1045 1220 1121 1257 nisi
1156 1233 1227 1272 per
1255 1219 1381 1257 curias
1408 1217 1632 1257 confirmata
1659 1230 1734 1270 po-

142 1280 275 1334 pulum
313 1295 391 1319 non
427 1281 608 1322 tenuisse.
663 1281 792 1329 Quare
830 1281 906 1321 hoc
921 1282 990 1332 u*de
1023 1281 1112 1321 loeo
1152 1288 1190 1321 et
1229 1280 1278 1320 de
1304 1280 1511 1320 Niebuhrii
1552 1280 1734 1332 legentis:

142 1343 253 1391 „Sed
277 1343 350 1382 ius
376 1343 475 1382 eius
502 1344 655 1383 curiata
681 1343 801 1383 datur
826 1345 940 1397 Iegd‘
964 1344 1227 1383 emendatione
1249 1343 1457 1382 admodum
1477 1342 1595 1381 dubia
1621 1342 1734 1395 plura

141 1403 251 1459 loqui
278 1406 361 1445 iure
395 1405 641 1459 supersedeo,
695 1406 834 1460 Neque
868 1407 989 1459 magis
1023 1405 1142 1459 illud,
1179 1405 1284 1460 quod
1318 1405 1559 1446 Niebuhrius
1599 1406 1734 1453 sensit,

142 1469 379 1522 patribus
407 1472 581 1520 (senatu)
609 1484 689 1510 non
717 1470 831 1510 factis
859 1470 1080 1511 auctoribus
1107 1469 1313 1523 plebiscita
1341 1469 1528 1523 populum
1566 1483 1646 1508 nou
1672 1474 1733 1507 te-

146 1533 289 1586 nuisse,
328 1533 605 1587 comprobatur
643 1549 688 1574 ex
715 1533 790 1575 hoc
816 1534 917 1587 loco,
945 1535 1010 1588 qui
1037 1540 1096 1573 est
1121 1532 1222 1587 apud
1239 1533 1393 1573 Livium
1411 1533 1538 1575 1V.8:
1564 1534 1734 1581 „Ortum

142 1606 271 1636 autem
299 1596 448 1636 initium
475 1598 536 1637 rei
554 1607 623 1649 est,
650 1598 743 1651 quia
770 1598 811 1637 in
834 1599 976 1653 populo
997 1612 1071 1652 per
1099 1598 1236 1637 multos
1271 1611 1395 1637 annos
1427 1597 1580 1635 incenso
1613 1608 1734 1648 neque

141 1658 293 1711 dq'fferri
315 1674 446 1699 census
469 1670 626 1715 poterat
650 1675 771 1714 neque
796 1661 1021 1708 consulibus,
1046 1675 1164 1714 quum
1190 1669 1247 1699 tot
1265 1660 1500 1714 populorum
1527 1657 1628 1697 bella
1653 1658 1734 1695 im—

142 1721 343 1771 minerent,
370 1737 510 1778 operae
536 1733 637 1772 erat,
663 1723 708 1762 id
730 1724 925 1778 negotium
951 1737 1076 1778 agere.
1121 1722 1266 1762 Mentio
1284 1722 1396 1762 illata
1423 1721 1474 1760 ab
1499 1730 1637 1760 senatu
1663 1730 1734 1768 est,

142 1798 223 1824 rem
259 1798 461 1839 operosam
498 1800 565 1826 ae.
584 1787 740 1827 minime
775 1787 1011 1827 consularem
1043 1801 1112 1826 suo
1146 1786 1306 1841 proprio
1343 1785 1581 1838 magistratu
1607 1798 1732 1838 egere.

140 1850 191 1886 Et
213 1856 363 1902 patres,
389 1862 464 1902 quo
485 1850 616 1904 plures
638 1850 799 1905 patricii
818 1851 1064 1904 magistratus
1093 1850 1133 1887 in
1160 1848 1354 1903 republica
1381 1857 1519 1894 essent,
1546 1847 1641 1886 laeti
1660 1860 1735 1886 ao-

140 1920 333 1964 ceperunt.
391 1911 564 1961 Tribuni,
590 1927 639 1952 ne
666 1913 712 1953 in
728 1913 868 1968 parvis
894 1926 1039 1967 quoque
1065 1912 1178 1952 rebus
1204 1910 1441 1951 incommode
1468 1910 1735 1950 adversaren-

141 1981 219 2021 tur,
246 1973 356 2014 haud
377 1989 473 2015 sane
499 1975 735 2019 tetendere.“
789 1975 940 2025 Quibus
966 1992 1011 2016 ex
1039 1976 1142 2015 Livii
1169 1974 1304 2015 verbis
1332 1974 1426 2029 quid
1442 1973 1548 2013 aliud
1568 1972 1734 2026 intelligi

139 2040 280 2087 potest,
297 2038 374 2078 nisi
391 2037 486 2078 hoc.-
512 2041 663 2083 senatui
685 2039 876 2093 placuisse
890 2054 1031 2080 novum
1047 2039 1325 2092 magistratum,
1342 2052 1554 2090 censuram,
1572 2038 1734 2088 institui,

247 2180 276 2213 ⁸)
315 2181 472 2211 ιιῡιιιιωιιο
495 2184 686 2222 aucmento,
706 2186 755 2213 ate
775 2185 926 2222 Auzgnbe.
947 2187 983 2216 11.
1004 2185 1059 2213 κιο
1078 2200 1115 2206 -
1142 2185 1183 2215 1⁵.
1207 2187 1255 2215 ιιι.
1279 2185 1332 2213 170
1352 2199 1389 2205 -
1411 2184 1472 2213 1⁷1.
1493 2184 1549 2212 ⁴90
1568 2197 1605 2204 -
1626 2184 1675 2214 οι.
