1911 2442
925 79 983 126 ᾗ

150 236 239 265 nem
261 220 504 276 comprobet.
541 218 662 259 Aliud
680 226 959 271 argumentum,
979 220 1311 274 quod'Petersius,
1339 227 1383 260 ut
1396 234 1506 260 suam
1522 223 1752 262 sententiam

149 288 387 339 defenderet,
409 284 549 338 attulit,
566 291 624 325 est
635 284 724 337 hoe,
740 286 846 340 quod
857 284 960 339 apud
971 286 1057 326 val.
1071 286 1282 326 Maximum
1295 287 1345 328 V.
1363 290 1399 329 4.
1420 292 1444 326 3
1465 288 1653 341 seriptum
1672 295 1750 330 est:

153 353 220 400 „C.
231 349 443 390 Flaminius
458 348 631 388 tribunus
638 348 768 403 plebis
777 349 900 402 legem
916 347 964 387 de
974 350 1124 389 Gallico
1138 363 1237 403 agro
1247 350 1394 388 virisim
1404 350 1617 391 dividundo
1629 352 1669 390 in
1674 344 1752 392 vito

149 424 187 455 et
206 421 450 469 repugnante
460 412 812 467 senatupromulga
819 413 883 465 vit,
890 412 1063 468 precibus
1076 413 1263 467 minisque
1273 413 1353 453 eius
1373 414 1558 454 acerrime
1576 415 1751 455 resistens

150 491 200 518 ac
219 479 269 517 ne
287 478 457 516 exercitu
469 475 830 530 quidem'adversus
852 490 891 516 se
915 476 1126 531 conscripto
1150 476 1410 519 absterritus.“
1426 477 1458 526 ⁷)
1497 477 1598 526 Quid
1627 480 1750 530 ergo?

150 539 458 592 Senatus'primo
472 538 651 580 omnibus
664 538 847 592 precibus
865 537 1134 590 contendebat,
1148 537 1289 578 deinde
1302 539 1417 577 minis
1432 538 1649 592 ten-itabat,
1674 540 1744 580 de-

150 603 269 656 nique
297 603 413 641 etiam
438 602 647 643 exercitum
667 603 918 655 conscripsit,
947 597 1043 640 nihil
1060 602 1303 654 inexpertum
1321 602 1474 653 omisit,
1503 617 1552 641 ne
1570 602 1749 642 tribunus

150 664 252 705 hanc
277 666 518 717 rogationem
545 664 677 707 ferret.
733 664 836 714 Quid
864 670 944 717 est,
977 679 1045 704 eur
1081 671 1237 704 senatus
1275 670 1383 703 tanta
1418 663 1574 703 molitus
1602 666 1673 717 sit,
1701 680 1750 706 ne

150 741 197 767 ea
223 727 408 778 fen-etum
433 727 467 765 si
495 726 683 779 perlatam
708 728 873 768 reiicere
900 734 1014 780 atque
1041 727 1234 779 abrogare
1259 728 1320 766 sui
1348 726 1444 766 iuris
1469 741 1516 767 ae
1544 729 1749 781 potestatis

150 789 301 831 fuisset.
355 790 415 829 Ne
450 789 606 842 perlata
645 789 802 842 quidem
841 804 886 829 ea
925 803 1007 829 esse
1044 789 1208 831 videtur.
1271 790 1373 828 Nam
1406 796 1519 842 pater
1554 790 1637 829 eius
1676 805 1749 844 pro

150 852 289 893 rostris
318 853 354 891 ei
382 852 507 904 legem
546 853 624 895 iam
660 852 844 892 inferenti
870 866 1022 891 manum
1049 853 1201 902 iniecit3
1228 852 1381 905 privato
1409 852 1556 892 fractus
1584 853 1749 906 imperio

149 915 349 956 deseendit
375 930 397 954 e
424 916 562 955 rostris
590 930 639 954 ne
666 917 823 955 minimo
851 914 1004 969 quidem
1018 930 1213 954 murmure
1227 915 1436 955 'destitutae
1454 916 1653 954 concionis
1681 930 1747 955 re·-

148 978 377 1033 prehensus.
391 978 481 1020 val.
497 979 643 1021 Max.1.
673 992 705 1022 c,
735 979 816 1021 Cic.
844 978 893 1018 de
914 979 1120 1020 invent.11.
1137 982 1198 1021 1⁷.
1227 982 1289 1020 52.
1319 977 1362 1016 Si
1386 992 1480 1017 vero
1508 977 1623 1031 plebs
1650 977 1751 1017 nihil

150 1043 279 1095 seivit,
307 1041 402 1095 quid
430 1048 512 1094 est,
549 1041 655 1096 quod
693 1044 842 1082 senatui
880 1041 1127 1082 sanciendum
1166 1040 1436 1095 relinquatur?
1483 1040 1592 1081 'Tota
1630 1042 1752 1094 igitur

148 1105 314 1145 Petet-aii
350 1106 632 1157 argumentatio
670 1106 826 1147 corruit.
880 1106 1014 1158 Neque
1050 1105 1177 1142 minus
1211 1103 1327 1156 plane
1370 1104 1512 1143 falsum
1551 1105 1749 1143 Petera'us

149 1169 192 1207 in
218 1166 296 1206 'alio
325 1167 428 1206 Livii
468 1167 598 1217 (XXI.
633 1171 705 1215 65)
740 1167 827 1207 loco
869 1167 976 1209 vidit.
1039 1166 1226 1206 Claudius
1262 1167 1365 1206 enim
1400 1166 1581 1205 tribunus
1618 1166 1750 1219 plebis

149 1230 355 1270 adversum
381 1238 557 1270 senatum
584 1230 689 1270 tulit:
722 1232 876 1285 „nequis
901 1240 1070 1279 senator,
1099 1234 1208 1270 cuive
1232 1230 1445 1270 senatorius
1457 1240 1575 1285 pater
1593 1230 1752 1281 fuisset,

150 1293 395 1340 maritimam
433 1307 575 1332 navem
577 1300 603 1341 ,'
632 1307 731 1347 quae
762 1295 850 1348 plus
886 1299 1001 1347 quam
1040 1303 1298 1333 trecentarum
1332 1292 1611 1347 amphorarum
1639 1303 1751 1341 esset,

153 1354 344 1396 baberet.“
403 1354 603 1395 Tribunus
631 1354 759 1410 plebis
785 1357 903 1409 igitur
930 1355 1093 1410 aliqum),
1118 1355 1223 1410 quod
1250 1361 1352 1395 esset
1380 1361 1515 1394 eontra
1545 1355 1750 1395 commoda

154 1425 203 1459 et·
232 1418 474 1458 voluntatem
509 1425 679 1471 senatus,
722 1418 820 1458 tulit.
875 1420 976 1459 Num
1011 1419 1100 1459 inde
1137 1425 1243 1458 recte
1281 1418 1384 1458 effici
1423 1425 1750 1471 potest,'senatus

149 1482 284 1534 fuisse,
304 1480 511 1534 plebiscita
526 1481 781 1535 comprobare
796 1481 859 1521 vel
877 1480 1065 1534 abrogare
1077 1483 1097 1521 ’.ἔ
1111 1482 1454 1535 —Persequamur
1471 1480 1636 1534 reliqua,
1664 1496 1750 1535 quae

148 1546 345 1586 Petersius
375 1545 423 1584 ad
452 1546 675 1599 opinionem
702 1559 811 1585 suam
840 1544 1120 1585 defendendam
1148 1544 1286 1585 attulit.
1315 1544 1443 1593 Quum
1470 1542 1577 1582 hello
1605 1545 1749 1596 punico

151 1608 323 1649 secundo
351 1608 467 1650 Fabii
495 1610 688 1649 cunctatio
715 1608 902 1648 Romanis
930 1608 1133 1648 admodum
1162 1608 1287 1646 invisa
1316 1607 1419 1646 faeta
1439 1613 1553 1659 esset,
1575 1606 1749 1646 Metilius

149 1671 331 1711 tribunus
359 1671 487 1724 plebis
516 1671 564 1710 de
592 1671 780 1725 aequando
798 1671 982 1723 'magistri
1019 1671 1191 1724 equitum
1226 1676 1265 1709 et
1307 1669 1506 1710 dictatoris
1541 1670 1625 1707 iure
1653 1683 1750 1722 pro-

149 1733 338 1787 mulgavit
370 1734 628 1786 rogationem.
685 1734 800 1787 Quae,
844 1749 963 1788 quum
1002 1735 1120 1773 animi
1163 1733 1307 1773 invidia
1357 1732 1573 1783 dictatoris,
1613 1731 1750 1772 favore

148 1798 325 1852 magian-i
350 1804 611 1849 versarentur,
637 1797 788 1851 perlata
815 1804 885 1839 est.
942 1801 1051 1853 „Ipse
1069 1796 1255 1849 'Fabiusf
1295 1803 1339 1836 ut
1365 1797 1501 1836 Livius
1539 1795 1669 1836 XXII.
1695 1799 1751 1835 26

149 1866 294 1912 narrat,
326 1874 429 1913 „qua
451 1860 653 1914 gravitate
678 1860 804 1899 animi
827 1860 1074 1900 criminantes
1099 1874 1139 1899 se
1176 1859 1233 1898 ad
1257 1858 1539 1898 multitudinem
1577 1858 1751 1897 inimicos

149 1922 307 1971 tulerat,
342 1922 479 1962 eadem
517 1932 555 1963 et
581 1923 722 1978 populi
755 1923 796 1963 in
840 1938 880 1964 se
920 1923 1125 1964 saevientis
1159 1922 1343 1963 iniuriam
1370 1922 1456 1962 tulit
1467 1937 1484 1971 ;
1510 1920 1751 1976 acceptisque

148 1984 192 2024 in
218 1986 301 2039 ipso
327 1985 462 2025 itinere
489 1986 623 2025 litteris
648 1996 803 2027 senatus
832 1987 1030 2037 (consulti)
1065 1985 1113 2025 de
1139 1995 1306 2040 aequato
1334 1985 1494 2040 imperio
1511 2013 1523 2026 0
1540 2015 1550 2025 .
1568 2016 1577 2027 .
1606 1984 1751 2024 invicto

150 2046 284 2089 animo
310 2047 367 2086 ad
391 2048 600 2089 exercitum
626 2049 776 2093 rediit.“
833 2050 892 2089 Ex
916 2064 992 2090 una
1019 2063 1132 2089 voce:
1166 2048 1389 2101 „consulti“,
1418 2062 1518 2102 quae,
1562 2060 1681 2101 quum
1709 2046 1751 2085 in

256 2191 280 2225 ⁷)
301 2189 340 2218 ct.
362 2190 424 2220 Cic.
446 2193 483 2220 de
503 2193 618 2222 iuvent.
626 2196 662 2223 u.
676 2193 720 2223 17.
734 2195 782 2224 ³2.
794 2195 878 2223 Brut.
888 2193 920 2227 S.
930 2194 974 2223 ³⁷.
987 2193 1082 2222 Acad.
1095 2194 1131 2220 ΙΙ.
1142 2192 1173 2226 S.
1188 2192 1276 2220 18.de
1269 2194 1445 2269 gementum·
1456 2198 1482 2220 c.
1496 2191 1523 2219 4.
1535 2191 1642 2226 Polyb.
1655 2193 1690 2219 u.
1701 2191 1749 2222 21.
