1911 2442
942 65 991 117 ρο

909 202 944 246 §-
971 201 1008 236 e.

293 264 377 303 Iam
400 261 594 315 reliquum
622 265 694 310 est,
720 265 764 299 ut
792 259 1046 314 exploremus,
1085 259 1180 313 quid
1219 258 1281 298 bis
1316 258 1365 299 de
1392 258 1547 312 legibus
1577 262 1628 300 sit
1656 262 1760 302 iudi-

161 326 336 369 candum.
404 324 518 373 Quod
557 337 635 377 quo
672 322 795 374 magis
835 323 1079 376 perspicuum
1117 323 1181 374 sit,
1218 323 1407 375 primum,
1437 323 1759 377 quemadmodum

160 390 223 430 lex
249 388 408 429 Valeria
440 387 604 426 Horatia
639 391 724 425 orta
758 385 829 437 sit,
867 399 1079 427 cernamus.
1135 383 1255 424 Plebs
1296 385 1421 437 enim,
1460 387 1575 426 tertio
1603 387 1759 428 tandem

161 467 264 493 anno
292 452 414 492 tristis
441 450 546 490 illius
574 449 883 490 decemvirorum
910 449 1075 502 imperii,
1103 448 1267 488 maxime
1303 462 1398 488 vero
1431 450 1552 503 Appii
1579 449 1757 491 libidinis

161 515 266 556 haud
294 515 437 555 diutius
466 514 631 567 patiens,
660 527 778 567 quum
803 512 943 551 iterum
968 512 1008 550 in
1035 519 1204 553 montem
1232 526 1385 551 sacrum
1413 514 1648 566 secessisset,
1686 529 1758 568 per

162 578 361 619 Valerium
375 584 414 618 et
439 577 644 616 Horatium
672 590 758 615 cum
782 576 955 629 patriciis
971 574 1233 627 reconciliata,
1250 574 1500 615 tribuniciam
1513 583 1758 632 potestatem,

160 642 477 696 provocationem
505 639 722 691 omniaque,
750 652 850 693 quae
877 639 954 677 iam
978 644 1090 677 antea
1117 637 1323 689 habuerat,
1352 640 1436 676 iura
1456 640 1614 692 recepit.
1641 641 1756 693 Nam,

159 704 391 758 simulatque
419 717 463 742 ea
490 702 654 742 Romam
680 703 721 740 in
745 701 979 741 Aventinum
1005 700 1132 754 rediit,
1162 701 1353 755 extemplo
1382 702 1567 755 pontifice
1589 705 1755 745 maximo

160 768 315 807 comitia
342 765 525 817 (tributa)
567 764 736 804 habente
775 764 908 804 decem
947 763 1122 803 tribunos
1164 763 1292 816 plebis
1329 772 1598 807 sacrosanctos
1636 774 1753 821 atque

159 828 419 880 inviolabiles,
448 828 490 866 in
516 826 577 866 his
605 827 651 869 L.
679 826 832 866 Icilium
847 832 886 866 et
912 825 965 868 M.
992 826 1164 865 Duilium
1192 827 1349 866 creavit.
1404 827 1623 868 Tribunatu
1658 831 1756 871 inito

159 894 207 934 L.
236 892 368 932 Icilius
396 890 552 944 plebem
580 892 733 943 rogavit
770 895 812 929 et
837 888 950 942 plebs
977 890 1102 942 scivit,
1131 905 1180 929 ne
1209 891 1271 929 cui
1299 889 1427 928 fraudi
1458 898 1559 930 esset
1582 895 1753 934 secessio

160 955 210 996 ab
239 955 468 995 decemviris
495 953 607 993 facta.
663 952 878 992 Confestim
906 951 955 991 de
989 952 1166 992 creandis
1198 952 1422 993 consulibus
1447 967 1533 992 cum
1560 968 1754 1007 provoca-

158 1020 264 1059 tione
290 1017 346 1059 Μ.
373 1016 526 1055 Duilius
552 1016 794 1068 rogationem
821 1014 991 1068 pertulit.
1046 1016 1105 1054 Ea
1133 1016 1261 1054 omnia
1308 1016 1348 1054 in
1386 1017 1508 1068 pratis
1548 1017 1752 1059 Flaminiis

160 1081 327 1123 concilio
355 1078 484 1134 plebis
511 1085 596 1118 aeta
623 1084 722 1120 sunt.
775 1078 853 1118 Per
886 1078 1114 1130 interregem
1152 1078 1292 1118 deinde
1332 1078 1515 1118 consules
1545 1083 1677 1134 creati,
1708 1083 1753 1125 L.

156 1145 353 1197 Valerius,
381 1143 434 1185 M.
463 1143 662 1198 Horatius,
691 1156 855 1195 quorum
892 1141 1112 1181 consulatus
1139 1141 1340 1195 popularis
1368 1143 1453 1182 sine
1491 1142 1571 1182 ulla
1598 1152 1753 1197 patrum

158 1208 300 1247 iniuria
327 1220 399 1245 nec
426 1206 510 1244 sine
538 1205 751 1244 offensione
778 1204 869 1254 fuit5
898 1204 1084 1258 quidquid
1112 1206 1214 1244 enim
1240 1204 1412 1244 libertati
1440 1205 1568 1258 plebis
1594 1222 1754 1249 cavere-

159 1277 237 1324 tur,
264 1270 306 1310 id
335 1270 415 1309 suis
444 1267 633 1308 decedere
663 1266 804 1321 opibus
833 1267 1052 1320 credebant.
1078 1268 1261 1307 Omnium
1289 1264 1468 1321 primum,
1498 1284 1616 1323 quum
1634 1272 1755 1313 veluti

159 1323 203 1373 in
231 1339 484 1373 controverso
513 1333 597 1370 iure
626 1337 739 1382 esset,
764 1337 1032 1370 tenerenturne
1059 1337 1190 1383 patres
1209 1330 1439 1383 plebiscitis,
1465 1330 1527 1379 (hi
1554 1335 1754 1388 consules)

115 1424 122 1436 2
157 1396 283 1449 legem
311 1395 536 1435 centuriatis
568 1394 733 1434 comitiis
767 1393 911 1433 tulere.-
958 1404 1021 1442 „ut
1059 1393 1167 1447 quod
1206 1394 1377 1433 tributim
1407 1395 1538 1448 plebes
1574 1398 1754 1448 iusscksee,

153 1460 340 1516 populum
366 1463 547 1501 teneret“.
609 1458 716 1497 Haec
751 1457 884 1497 Livius
920 1457 990 1500 111.
1032 1460 1084 1496 54
1121 1479 1174 1487 -—
1208 1462 1259 1496 55
1288 1456 1335 1497 de
1367 1455 1453 1510 lege
1481 1457 1640 1499 Valeria
1665 1462 1753 1503 Ho-

156 1525 271 1576 ratia,
301 1537 468 1577 quocum
493 1522 703 1576 Dionysius
731 1521 800 1563 xl.
831 1524 895 1564 45.
927 1521 1082 1560 omnino
1119 1521 1327 1561 consentit:
1385 1530 1575 1574 „Aw'mog
1613 1534 1755 1571 Ov‘aze'-

158 1608 238 1639 ριος
264 1593 327 1628 καί
348 1591 506 1636 Μάρκος
520 1590 689 1635 Ὁράτιος
717 1591 827 1626 αὕτοί
844 1605 883 1627 τε
909 1589 1098 1637 δημοτικοὶ
1118 1590 1184 1632 τὰς
1206 1589 1338 1636 φύσεις
1363 1589 1461 1633 ὄντες
1488 1593 1552 1628 καί
1572 1595 1670 1638 παρὰ
1681 1599 1753 1633 τῶν

157 1654 341 1702 προγόνων
365 1653 500 1699 ταύτην
526 1651 800 1697 διαδεδεγμένοι
832 1651 896 1696 τήν
931 1650 1123 1694 πολιτείαν,
1157 1650 1223 1691 τὰς
1257 1650 1477 1695 ὑποσχέσεις
1510 1652 1754 1698 φυλάττοντες

159 1742 311 1755 .....
335 1717 469 1764 νόμους
494 1716 684 1762 ἐκύρωσαν
707 1717 746 1753 ἐν
769 1716 975 1763 ἐκκλησίαις
999 1716 1156 1761 λοχίτισι
1183 1743 1193 1751 .
1225 1742 1235 1751 .
1274 1740 1283 1749 .
1332 1713 1460 1758 ἄλλους
1495 1717 1533 1752 τέ
1566 1733 1668 1761 τινας
1693 1723 1757 1759 καί

155 1779 219 1815 τὸν
244 1777 438 1814 κελεύοντα
470 1777 556 1818 τούς
588 1777 658 1811 ὑπὸ
678 1779 745 1811 τοῦ
769 1775 884 1822 δήμου
919 1778 1090 1818 τεθέντας
1124 1778 1161 1812 ἐν
1194 1783 1274 1817 ταῖς
1309 1780 1522 1822 φυλετικαῖς
1546 1777 1754 1822 ἐκκλησίαις

156 1838 290 1885 νόμους
316 1836 431 1873 ἅπασι
456 1839 607 1873 κεῖσθαι
627 1834 828 1881 Ῥωμαίοις
852 1836 889 1880 ἐξ
910 1835 989 1872 ἴσον
1014 1835 1078 1883 τήν
1104 1835 1215 1883 αὕτὴν
1247 1835 1399 1881 ἔχοντας
1424 1834 1581 1881 δύναμιν
1605 1844 1681 1880 τοῖς
1715 1840 1753 1875 ἐν

155 1906 236 1942 ταῖς
269 1898 449 1944 λοχίτισιν
482 1897 690 1944 ἐκκλησίαις
722 1896 982 1944 τεθησομένοις
984 1923 1136 1934 .....
1173 1892 1277 1939 οὗτος
1311 1895 1330 1932 ὅ
1364 1890 1474 1939 νόμος
1507 1895 1654 1940 ἐξέβαλε
1688 1895 1754 1940 τὰς

157 1963 448 2012 ἀμφισβητήσεις
471 1965 544 2000 τῶν
578 1963 788 2010 πατρικίων,
816 1962 858 2006 ἅς
881 1963 1073 2000 ἐποιοῦντο
1109 1964 1198 2010 πρὸς
1222 1963 1307 2006 τούς
1332 1962 1552 2009 δημοτικούς
1576 1963 1752 2008 πρότερον

155 2027 222 2063 ου’κ
247 2028 430 2072 ἀξιοῦντες
462 2036 538 2073 τοῖς
572 2029 632 2065 ὕπ’
655 2030 802 2067 ἐκείνων
834 2034 977 2067 τεθεῖσι
1009 2030 1135 2076 νόμοις
1169 2035 1389 2075 πειθαρχεῖν
1414 2029 1493 2065 ov'd’
1527 2028 1619 2071 ὅλως
1642 2029 1687 2065 τά
1714 2029 1753 2067 ἐν

153 2097 234 2134 ταῖς
261 2095 477 2138 φυλετικαῖς
501 2088 708 2133 ἐκκλησίαις
732 2087 1000 2133 ἐπικυρούμενα
1035 2090 1138 2124 κοινά
1173 2093 1235 2136 τῆς
1260 2089 1398 2129 πόλεως
1425 2088 1565 2134 ἁπάσης
1591 2088 1752 2133 δόγματα

155 2149 370 2196 νομίζοντες,
397 2150 473 2187 ἀλλ’
498 2151 587 2187 αιῖτὸ
610 2149 737 2197 μόνοις
759 2148 911 2193 ἐκείνοις
936 2148 1068 2186 ἴδἰον.“
1117 2145 1268 2198 Quilms
1289 2145 1394 2186 Livii
1410 2150 1449 2186 et
1460 2144 1642 2200 Dionysii
1659 2159 1750 2186 ver-

1272 2204 1322 2239 5*
