1911 2442
903 103 954 158 ²3²

122 234 223 272 rium
262 233 584 273 communicatum
622 237 797 271 assecuta
838 238 909 275 est.
975 232 1055 272 Sed
1081 233 1251 286 patricii,
1296 240 1339 274 ut
1373 240 1510 275 natura
1545 237 1603 277 rei
1637 236 1729 290 fert,

123 311 204 352 quo
241 297 428 335 maiorem
463 296 505 334 in
543 294 626 334 dies
660 296 804 348 prioris
843 296 1040 351 potentiae
1077 295 1274 336 faciebant
1301 299 1501 351 iacturam,
1530 314 1576 339 eo
1603 301 1728 353 perti-

123 361 273 412 nucius,
313 365 355 397 ut
383 373 442 410 ea,
471 372 570 411 quae
582 358 754 396 nondum
771 365 899 397 essent
926 360 1078 411 amissa,
1091 360 1314 410 retinerent,
1329 362 1575 405 resistebant.
1604 364 1728 412 Quam

122 423 380 477 pertinaciam
425 436 503 475 quo
528 423 651 473 magis
687 421 907 473 frangeret,
947 436 1049 460 auno
1086 423 1356 462 trecentesimo
1393 425 1589 465 tricesimo
1623 439 1727 465 nono

122 484 317 525 Publilius
335 484 451 522 Philo
480 484 659 536 dictator,
688 497 836 522 summa
862 484 1035 536 potentia
1064 490 1102 522 et
1114 485 1265 535 magnis
1283 486 1471 537 victoriis,
1494 502 1591 540 quas
1614 486 1726 540 plebS

123 550 200 586 iam
227 543 512 600 reportaverat,
541 547 678 599 elatus,
705 554 784 585 tres
812 545 919 597 leges
944 545 1244 586 secundissimas
1273 546 1394 600 plebi,
1431 549 1614 589 adversas
1649 566 1726 590 no·-

122 609 266 650 bilitati
293 610 397 649 tulit:
430 625 587 662 „unam,
615 619 658 649 ut
680 609 885 665 plebiscita
911 623 1040 649 omnes
1067 610 1235 663 Quirites
1262 620 1450 661 tenerent,
1489 613 1655 652 alteram
1682 622 1726 652 ut

122 675 265 728 legum,
289 688 390 727 quae
416 673 578 713 comitiis
605 673 828 712 centuriatis
847 673 1063 723 ferrentur,
1090 681 1183 712 ante
1215 673 1354 713 initum
1379 675 1608 730 suffragium
1641 689 1727 730 pa-

123 746 200 777 tres
228 747 403 777 auctores
424 736 580 789 fierent,
608 736 780 783 tertiam,
798 744 840 774 ut
866 736 963 775 alter
988 737 1118 790 utique
1144 750 1194 775 ex
1216 736 1328 791 plebe
1343 751 1478 778 censor
1490 742 1722 780 crearetur.“

122 800 207 839 Liv.
236 801 345 843 vlu.
377 804 439 840 12.
496 798 648 848 Quibus
676 798 808 837 verbis
838 799 911 837 etsi
936 798 1071 838 Livius
1099 799 1198 838 nihil
1227 799 1380 852 adiecit,
1409 801 1514 853 quod
1531 815 1577 840 eo
1594 801 1719 853 magis

123 870 183 903 est
211 862 434 914 dolendum,
465 861 572 916 quod
599 876 622 900 a
649 861 756 900 nullo
790 861 867 901 alio
895 876 1023 900 rerum
1063 862 1326 902 Romanarum
1364 863 1554 915 scriptore
1587 861 1725 901 harum

124 925 255 978 legum
296 926 442 965 mentio
483 931 542 964 est
569 925 686 977 facta,
715 931 856 978 tamen,
886 924 978 979 quid
1006 926 1073 964 illa
1100 927 1225 979 prima
1252 925 1313 965 lex
1319 955 1333 978 ,
1371 926 1420 965 de
1454 940 1530 979 qua
1556 940 1633 964 una
1661 924 1726 965 hic

123 1002 252 1029 sermo
281 995 353 1040 est,
381 988 522 1041 valeat,
550 987 695 1027 nemini
723 988 882 1028 dubium
912 1004 995 1029 esse
1022 995 1164 1043 potest.
1221 987 1353 1028 Verba
1382 989 1502 1028 enim:
1546 998 1611 1037 „ut
1630 989 1726 1043 ple'-

122 1052 260 1093 bis-cita
296 1066 426 1092 omnes
462 1052 630 1105 Quirites
666 1058 862 1092 tenerent“
909 1055 1002 1092 satis
1044 1053 1263 1105 declarant,
1307 1052 1382 1091 hac
1425 1052 1512 1105 lege
1555 1051 1725 1091 Publilia

122 1118 250 1171 prima
277 1116 475 1154 Valeriam
504 1116 707 1154 Horatiam
734 1112 999 1155 tantummodo
1029 1131 1114 1155 esse
1141 1117 1346 1169 repetitam
1382 1122 1420 1155 et
1448 1115 1725 1156 confirmatam.

122 1180 279 1218 Etenim
307 1180 348 1216 in
377 1178 452 1216 hac
479 1178 642 1216 Publilii
669 1178 847 1218 Philonis
874 1179 959 1231 lege
986 1179 1183 1217 adiunctio
1217 1179 1348 1233 aliqua
1390 1186 1505 1232 atque
1541 1177 1724 1229 conditio,

123 1243 292 1282 fortasse
312 1256 371 1293 ea,
385 1242 419 1279 si
440 1248 570 1294 patres
596 1248 773 1280 auctores
800 1242 895 1281 facti
923 1249 1063 1294 essent,
1092 1257 1138 1281 eo
1167 1243 1292 1281 minus
1321 1241 1483 1281 concedi
1511 1247 1626 1294 atque
1653 1239 1726 1279 ειᾶ-7

125 1306 230 1345 mitti
260 1310 403 1358 potest,
433 1304 539 1357 quod
566 1304 641 1344 hoc
668 1311 842 1358 tempore
869 1305 996 1358 plebis
1025 1306 1197 1358 potentia
1225 1305 1323 1344 adeo
1351 1311 1461 1343 aucta
1490 1310 1585 1355 erat,
1610 1309 1653 1341 ut
1679 1316 1724 1341 ea

124 1370 295 1409 omnium
334 1367 559 1421 reipublicae
587 1367 792 1420 honorum7
821 1368 957 1421 plenae
985 1369 1081 1407 iuris
1099 1374 1147 1407 'et
1174 1368 1327 1421 imperii
1347 1365 1634 1421 aequabilitatis,
1661 1364 1725 1404 vel

125 1431 224 1471 adeo
253 1432 411 1470 maioris
441 1430 716 1471 dominationis
743 1432 938 1485 particeps
966 1431 1070 1471 facta
1098 1437 1208 1470 esset.
1254 1432 1339 1480 Qua
1368 1430 1417 1469 de
1445 1444 1500 1481 re,
1530 1429 1620 1483 quia
1648 1428 1725 1465 iam

123 1510 243 1549 supra
270 1496 364 1534 satis
393 1494 537 1535 dictum
566 1500 637 1547 est,
665 1494 741 1536 hoc
768 1495 855 1535 loco
883 1509 959 1534 non
986 1494 1104 1548 longa
1133 1494 1394 1548 disputatione
1422 1507 1520 1547 opus
1549 1506 1634 1531 esse
1661 1491 1724 1529 vi·-

124 1559 249 1600 detur.
273 1559 316 1597 si
342 1573 456 1612 quem
484 1572 578 1598 vero
605 1557 824 1610 offenderit,
854 1558 958 1612 quod
984 1557 1046 1598 lex
1076 1558 1233 1598 Valeria
1260 1557 1427 1596 Horatia
1455 1556 1528 1594 hac
1547 1553 1721 1593 Publilia

124 1621 212 1674 lege
247 1622 298 1660 sit
325 1622 504 1674 repetita,
532 1620 641 1674 leges
667 1622 745 1660 iam
780 1621 878 1661 latas
913 1623 1051 1661 iterum
1079 1628 1118 1661 et
1143 1635 1278 1659 rursus
1300 1634 1384 1659 esse
1407 1619 1592 1671 repetitas
1620 1614 1725 1655 haud

123 1700 215 1725 raro
243 1687 284 1724 in
316 1685 480 1724 historia
508 1685 774 1724 Romanorum
802 1686 1007 1726 invenitur.
1046 1685 1186 1724 Nonne
1215 1684 1317 1723 enim
1342 1682 1405 1722 lex
1432 1680 1591 1723 Valeria
1618 1679 1723 1728 (Liv.

123 1749 173 1789 X.
199 1750 256 1798 9.)
284 1747 370 1800 lege
410 1748 550 1787 Porcia
586 1748 682 1798 (vid.
710 1749 867 1788 Ernesti
902 1748 979 1788 ind.
1014 1747 1089 1800 leg.
1118 1762 1149 1791 s,
1175 1747 1203 1788 l.
1230 1747 1407 1797 Porcia),
1436 1757 1564 1782 nonne
1602 1741 1723 1781 altera

123 1810 309 1864 Publilia,
340 1826 456 1865 quam
484 1811 600 1852 modo
630 1813 926 1864 nominavimus,
962 1811 1049 1863 lege
1083 1810 1239 1849 Maenia
1250 1810 1283 1856 ⁹)
1325 1823 1347 1847 a
1374 1807 1529 1846 Maenio
1564 1804 1723 1844 tribuno

124 1873 252 1928 plebis
279 1874 357 1913 lata
385 1876 549 1929 repetita
578 1877 663 1915 est?
719 1876 912 1924 Quoniam
936 1889 1031 1916 vero
1058 1874 1119 1913 lex
1147 1873 1307 1916 Valeria
1341 1871 1504 1910 Horatia
1535 1866 1724 1908 eiusmodi

233 2018 259 2052 ⁹)
283 2020 395 2053 Legem
417 2021 585 2047 Maeniam:
615 2022 677 2057 „ut
702 2023 805 2055 patres
832 2022 903 2047 ante
932 2019 1006 2047 inita
1032 2026 1052 2047 a
1070 2019 1183 2053 populo
1203 2018 1347 2054 suffragia
1366 2017 1474 2045 flerent
1496 2015 1638 2041 auctores
1658 2012 1725 2040 eius

285 2066 344 2102 rei,
366 2074 452 2101 quam
471 2068 602 2102 populus
618 2066 762 2104 jussurus
782 2064 892 2095 esset“
914 2068 986 2095 nihil
1006 2067 1087 2094 aliud
1108 2067 1232 2102 fecisse,
1252 2065 1310 2093 nisi
1330 2066 1363 2092 ut
1383 2061 1537 2091 Publiliam
1558 2060 1722 2095 repetendo

287 2113 526 2151 confirmaverit,
547 2122 643 2150 neque
663 2116 700 2142 ab
730 2123 767 2143 ea
790 2116 938 2142 dlversam
970 2121 1053 2151 esse,
1082 2114 1112 2140 id
1133 2114 1212 2148 quod
1232 2112 1382 2140 Peterslus
1403 2111 1433 2137 in
1456 2108 1614 2136 annalibus
1637 2115 1666 2142 p.
1688 2106 1723 2133 ⁷9

288 2160 401 2194 aliique
429 2162 604 2198 voluerunt,
624 2163 699 2189 satis
722 2170 759 2189 ex
789 2163 931 2190 vocibus:
963 2162 1050 2189 eius
1070 2161 1129 2188 rei
1159 2159 1241 2194 (non
1258 2158 1393 2193 suffragii
1421 2158 1459 2185 ad
1485 2156 1634 2184 creandos
1659 2159 1723 2180 ma-

285 2208 447 2243 gistratus)
468 2212 559 2242 patet.
580 2209 641 2238 vid.
659 2209 781 2237 Ernesti
804 2210 864 2239 ind.
885 2209 945 2243 leg.
967 2208 1006 2237 cf.
1029 2207 1093 2236 Cic.
1113 2207 1196 2235 Brut.
1219 2204 1264 2234 u,
1283 2204 1351 2234 Liv.
1375 2204 1398 2232 1.
1420 2204 1465 2231 17.
