<?xml version="1.0" encoding="UTF-8"?>
<!DOCTYPE html PUBLIC "-//W3C//DTD XHTML 1.0 Transitional//EN"
    "http://www.w3.org/TR/xhtml1/DTD/xhtml1-transitional.dtd">
<html xmlns="http://www.w3.org/1999/xhtml" xml:lang="en" lang="en">
 <head>
  <title>
</title>
<meta http-equiv="Content-Type" content="text/html;charset=utf-8" />
  <meta name='ocr-system' content='tesseract 3.04.00' />
  <meta name='ocr-capabilities' content='ocr_page ocr_carea ocr_par ocr_line ocrx_word'/>
</head>
<body>
  <div class='ocr_page' id='page_1' title='image "4771751_0029.png"; bbox 0 0 1911 2442; ppageno 0'>
   <div class='ocr_carea' id='block_1_1' title="bbox 934 85 986 128">
    <p class='ocr_par' dir='ltr' id='par_1_1' title="bbox 934 85 986 128">
     <span class='ocr_line' id='line_1_1' title="bbox 934 85 986 128; baseline 0 0"><span class='ocrx_word' id='word_1_1' title='bbox 934 85 986 128; x_wconf 72' lang='lat'><strong>25</strong></span> 
     </span>
    </p>
   </div>
   <div class='ocr_carea' id='block_1_2' title="bbox 160 223 1757 1790">
    <p class='ocr_par' dir='ltr' id='par_1_2' title="bbox 160 223 1757 1790">
     <span class='ocr_line' id='line_1_2' title="bbox 162 223 1754 280; baseline -0.002 -13"><span class='ocrx_word' id='word_1_2' title='bbox 162 233 233 280; x_wconf 78' lang='lat' dir='ltr'><strong>est,</strong></span> <span class='ocrx_word' id='word_1_3' title='bbox 261 233 304 268; x_wconf 89' lang='lat' dir='ltr'><strong>ut</strong></span> <span class='ocrx_word' id='word_1_4' title='bbox 331 226 422 266; x_wconf 87' lang='lat' dir='ltr'><strong>huic</strong></span> <span class='ocrx_word' id='word_1_5' title='bbox 449 226 525 279; x_wconf 89' lang='lat' dir='ltr'><strong>ipsi</strong></span> <span class='ocrx_word' id='word_1_6' title='bbox 552 224 706 279; x_wconf 84' lang='lat' dir='ltr'><strong>patricii</strong></span> <span class='ocrx_word' id='word_1_7' title='bbox 734 225 897 265; x_wconf 82' lang='lat' dir='ltr'><strong>maxime</strong></span> <span class='ocrx_word' id='word_1_8' title='bbox 925 224 1115 265; x_wconf 89' lang='lat' dir='ltr'><strong>adversati</strong></span> <span class='ocrx_word' id='word_1_9' title='bbox 1140 225 1230 276; x_wconf 88' lang='lat' dir='ltr'><strong>sint,</strong></span> <span class='ocrx_word' id='word_1_10' title='bbox 1259 231 1374 278; x_wconf 88' lang='lat' dir='ltr'><strong>atque</strong></span> <span class='ocrx_word' id='word_1_11' title='bbox 1403 223 1499 263; x_wconf 88' lang='lat' dir='ltr'><strong>adeo</strong></span> <span class='ocrx_word' id='word_1_12' title='bbox 1523 237 1620 275; x_wconf 90' lang='lat' dir='ltr'><strong>eam,</strong></span> <span class='ocrx_word' id='word_1_13' title='bbox 1650 223 1754 278; x_wconf 89' lang='lat' dir='ltr'><strong>quod</strong></span> 
     </span>
     <span class='ocr_line' id='line_1_3' title="bbox 160 286 1755 344; baseline -0.003 -15"><span class='ocrx_word' id='word_1_14' title='bbox 160 296 332 344; x_wconf 85' lang='lat' dir='ltr'><strong>possent,</strong></span> <span class='ocrx_word' id='word_1_15' title='bbox 360 288 611 341; x_wconf 73' lang='lat' dir='ltr'><strong>neglexerint,</strong></span> <span class='ocrx_word' id='word_1_16' title='bbox 639 289 794 327; x_wconf 90' lang='lat' dir='ltr'><strong>minime</strong></span> <span class='ocrx_word' id='word_1_17' title='bbox 822 289 961 326; x_wconf 91' lang='lat' dir='ltr'><strong>mirum</strong></span> <span class='ocrx_word' id='word_1_18' title='bbox 987 303 1070 327; x_wconf 88' lang='lat' dir='ltr'><strong>esse</strong></span> <span class='ocrx_word' id='word_1_19' title='bbox 1100 288 1265 340; x_wconf 79' lang='lat' dir='ltr'><strong>videtur,</strong></span> <span class='ocrx_word' id='word_1_20' title='bbox 1306 287 1410 341; x_wconf 89' lang='lat' dir='ltr'><strong>quod</strong></span> <span class='ocrx_word' id='word_1_21' title='bbox 1449 286 1545 326; x_wconf 87' lang='lat' dir='ltr'><strong>haec</strong></span> <span class='ocrx_word' id='word_1_22' title='bbox 1581 288 1666 340; x_wconf 87' lang='lat' dir='ltr'><strong>ipsa</strong></span> <span class='ocrx_word' id='word_1_23' title='bbox 1694 286 1755 326; x_wconf 78' lang='lat' dir='ltr'><strong>lex</strong></span> 
     </span>
     <span class='ocr_line' id='line_1_4' title="bbox 160 349 1754 406; baseline -0.002 -14"><span class='ocrx_word' id='word_1_24' title='bbox 160 356 314 405; x_wconf 83' lang='lat' dir='ltr'><strong>iterum,</strong></span> <span class='ocrx_word' id='word_1_25' title='bbox 341 354 435 406; x_wconf 89' lang='lat' dir='ltr'><strong>quin</strong></span> <span class='ocrx_word' id='word_1_26' title='bbox 463 353 577 391; x_wconf 83' lang='lat' dir='ltr'><strong>etiam</strong></span> <span class='ocrx_word' id='word_1_27' title='bbox 603 365 736 390; x_wconf 89' lang='lat' dir='ltr'><strong>rursus</strong></span> <span class='ocrx_word' id='word_1_28' title='bbox 765 350 843 389; x_wconf 89' lang='lat' dir='ltr'><strong>lata</strong></span> <span class='ocrx_word' id='word_1_29' title='bbox 872 357 941 393; x_wconf 84' lang='lat' dir='ltr'><strong>est.</strong></span> <span class='ocrx_word' id='word_1_30' title='bbox 993 352 1137 391; x_wconf 81' lang='lat' dir='ltr'><strong>Verum</strong></span> <span class='ocrx_word' id='word_1_31' title='bbox 1166 353 1269 390; x_wconf 90' lang='lat' dir='ltr'><strong>enim</strong></span> <span class='ocrx_word' id='word_1_32' title='bbox 1295 352 1329 389; x_wconf 88' lang='lat' dir='ltr'><strong>si</strong></span> <span class='ocrx_word' id='word_1_33' title='bbox 1355 351 1408 403; x_wconf 89' lang='lat' dir='ltr'><strong>id,</strong></span> <span class='ocrx_word' id='word_1_34' title='bbox 1438 349 1542 403; x_wconf 86' lang='lat' dir='ltr'><strong>quod</strong></span> <span class='ocrx_word' id='word_1_35' title='bbox 1581 350 1629 389; x_wconf 92' lang='lat' dir='ltr'><strong>de</strong></span> <span class='ocrx_word' id='word_1_36' title='bbox 1666 350 1754 403; x_wconf 84' lang='lat' dir='ltr'><strong>lege</strong></span> 
     </span>
     <span class='ocr_line' id='line_1_5' title="bbox 161 413 1753 467; baseline -0.001 -14"><span class='ocrx_word' id='word_1_37' title='bbox 161 416 320 455; x_wconf 78' lang='lat' dir='ltr'><strong>Valeria</strong></span> <span class='ocrx_word' id='word_1_38' title='bbox 349 417 512 455; x_wconf 80' lang='lat' dir='ltr'><strong>Horatia</strong></span> <span class='ocrx_word' id='word_1_39' title='bbox 541 423 579 453; x_wconf 92' lang='lat' dir='ltr'><strong>et</strong></span> <span class='ocrx_word' id='word_1_40' title='bbox 605 415 653 453; x_wconf 88' lang='lat' dir='ltr'><strong>de</strong></span> <span class='ocrx_word' id='word_1_41' title='bbox 677 414 763 466; x_wconf 80' lang='lat' dir='ltr'><strong>lege</strong></span> <span class='ocrx_word' id='word_1_42' title='bbox 790 413 960 452; x_wconf 83' lang='lat' dir='ltr'><strong>Publilia</strong></span> <span class='ocrx_word' id='word_1_43' title='bbox 986 416 1110 467; x_wconf 88' lang='lat' dir='ltr'><strong>prima</strong></span> <span class='ocrx_word' id='word_1_44' title='bbox 1137 428 1255 467; x_wconf 87' lang='lat' dir='ltr'><strong>supra</strong></span> <span class='ocrx_word' id='word_1_45' title='bbox 1283 416 1497 466; x_wconf 88' lang='lat' dir='ltr'><strong>statuimus,</strong></span> <span class='ocrx_word' id='word_1_46' title='bbox 1526 414 1565 450; x_wconf 91' lang='lat' dir='ltr'><strong>in</strong></span> <span class='ocrx_word' id='word_1_47' title='bbox 1593 413 1753 452; x_wconf 91' lang='lat' dir='ltr'><strong>dubium</strong></span> 
     </span>
     <span class='ocr_line' id='line_1_6' title="bbox 160 476 1748 534; baseline -0.003 -16"><span class='ocrx_word' id='word_1_48' title='bbox 160 480 293 518; x_wconf 81' lang='lat' dir='ltr'><strong>vocari</strong></span> <span class='ocrx_word' id='word_1_49' title='bbox 316 480 463 534; x_wconf 80' lang='lat' dir='ltr'><strong>nequit,</strong></span> <span class='ocrx_word' id='word_1_50' title='bbox 491 484 605 532; x_wconf 85' lang='lat' dir='ltr'><strong>atque</strong></span> <span class='ocrx_word' id='word_1_51' title='bbox 632 477 837 530; x_wconf 83' lang='lat' dir='ltr'><strong>plebiscita</strong></span> <span class='ocrx_word' id='word_1_52' title='bbox 864 478 948 515; x_wconf 88' lang='lat' dir='ltr'><strong>sine</strong></span> <span class='ocrx_word' id='word_1_53' title='bbox 975 478 1167 514; x_wconf 87' lang='lat' dir='ltr'><strong>curiarum</strong></span> <span class='ocrx_word' id='word_1_54' title='bbox 1196 482 1234 515; x_wconf 88' lang='lat' dir='ltr'><strong>et</strong></span> <span class='ocrx_word' id='word_1_55' title='bbox 1262 483 1431 528; x_wconf 84' lang='lat' dir='ltr'><strong>senatus,</strong></span> <span class='ocrx_word' id='word_1_56' title='bbox 1455 483 1497 514; x_wconf 90' lang='lat' dir='ltr'><strong>ut</strong></span> <span class='ocrx_word' id='word_1_57' title='bbox 1525 478 1577 514; x_wconf 90' lang='lat' dir='ltr'><strong>ita</strong></span> <span class='ocrx_word' id='word_1_58' title='bbox 1606 476 1748 527; x_wconf 83' lang='lat' dir='ltr'><strong>dicam,</strong></span> 
     </span>
     <span class='ocr_line' id='line_1_7' title="bbox 162 539 1757 593; baseline -0.001 -16"><span class='ocrx_word' id='word_1_59' title='bbox 162 543 388 581; x_wconf 86' lang='lat' dir='ltr'><strong>auctoritate</strong></span> <span class='ocrx_word' id='word_1_60' title='bbox 404 549 443 580; x_wconf 92' lang='lat' dir='ltr'><strong>et</strong></span> <span class='ocrx_word' id='word_1_61' title='bbox 456 548 543 579; x_wconf 86' lang='lat' dir='ltr'><strong>ante</strong></span> <span class='ocrx_word' id='word_1_62' title='bbox 556 540 640 592; x_wconf 81' lang='lat' dir='ltr'><strong>has,</strong></span> <span class='ocrx_word' id='word_1_63' title='bbox 654 554 749 593; x_wconf 89' lang='lat' dir='ltr'><strong>quas</strong></span> <span class='ocrx_word' id='word_1_64' title='bbox 770 539 886 578; x_wconf 89' lang='lat' dir='ltr'><strong>modo</strong></span> <span class='ocrx_word' id='word_1_65' title='bbox 899 539 988 591; x_wconf 84' lang='lat' dir='ltr'><strong>dixi,</strong></span> <span class='ocrx_word' id='word_1_66' title='bbox 1002 539 1106 591; x_wconf 82' lang='lat' dir='ltr'><strong>leges</strong></span> <span class='ocrx_word' id='word_1_67' title='bbox 1123 554 1194 592; x_wconf 86' lang='lat' dir='ltr'><strong>per</strong></span> <span class='ocrx_word' id='word_1_68' title='bbox 1209 553 1251 578; x_wconf 91' lang='lat' dir='ltr'><strong>se</strong></span> <span class='ocrx_word' id='word_1_69' title='bbox 1265 541 1349 592; x_wconf 88' lang='lat' dir='ltr'><strong>ipsa</strong></span> <span class='ocrx_word' id='word_1_70' title='bbox 1370 546 1453 577; x_wconf 84' lang='lat' dir='ltr'><strong>rata</strong></span> <span class='ocrx_word' id='word_1_71' title='bbox 1470 540 1589 578; x_wconf 83' lang='lat' dir='ltr'><strong>fuisse</strong></span> <span class='ocrx_word' id='word_1_72' title='bbox 1611 546 1649 577; x_wconf 87' lang='lat' dir='ltr'><strong>et</strong></span> <span class='ocrx_word' id='word_1_73' title='bbox 1666 545 1757 592; x_wconf 89' lang='lat' dir='ltr'><strong>post</strong></span> 
     </span>
     <span class='ocr_line' id='line_1_8' title="bbox 160 601 1754 656; baseline -0.001 -14"><span class='ocrx_word' id='word_1_74' title='bbox 160 602 285 656; x_wconf 81' lang='lat' dir='ltr'><strong>legem</strong></span> <span class='ocrx_word' id='word_1_75' title='bbox 311 603 508 643; x_wconf 80' lang='lat' dir='ltr'><strong>Valeriam</strong></span> <span class='ocrx_word' id='word_1_76' title='bbox 534 603 736 641; x_wconf 65' lang='lat' dir='ltr'><strong>Horati-am</strong></span> <span class='ocrx_word' id='word_1_77' title='bbox 762 617 839 642; x_wconf 86' lang='lat' dir='ltr'><strong>non</strong></span> <span class='ocrx_word' id='word_1_78' title='bbox 868 601 991 641; x_wconf 88' lang='lat' dir='ltr'><strong>solum</strong></span> <span class='ocrx_word' id='word_1_79' title='bbox 1026 601 1202 655; x_wconf 88' lang='lat' dir='ltr'><strong>plebem,</strong></span> <span class='ocrx_word' id='word_1_80' title='bbox 1244 603 1313 642; x_wconf 90' lang='lat' dir='ltr'><strong>sed</strong></span> <span class='ocrx_word' id='word_1_81' title='bbox 1341 603 1456 642; x_wconf 85' lang='lat' dir='ltr'><strong>etiam</strong></span> <span class='ocrx_word' id='word_1_82' title='bbox 1484 601 1670 655; x_wconf 90' lang='lat' dir='ltr'><strong>populum</strong></span> <span class='ocrx_word' id='word_1_83' title='bbox 1692 607 1754 640; x_wconf 87' lang='lat' dir='ltr'><strong>te-</strong></span> 
     </span>
     <span class='ocr_line' id='line_1_9' title="bbox 161 664 1755 719; baseline -0.003 -14"><span class='ocrx_word' id='word_1_84' title='bbox 161 668 292 706; x_wconf 88' lang='lat' dir='ltr'><strong>nuisse</strong></span> <span class='ocrx_word' id='word_1_85' title='bbox 320 671 483 717; x_wconf 82' lang='lat' dir='ltr'><strong>constat,</strong></span> <span class='ocrx_word' id='word_1_86' title='bbox 511 679 639 705; x_wconf 88' lang='lat' dir='ltr'><strong>nonne</strong></span> <span class='ocrx_word' id='word_1_87' title='bbox 666 666 752 718; x_wconf 87' lang='lat' dir='ltr'><strong>ipsa</strong></span> <span class='ocrx_word' id='word_1_88' title='bbox 779 665 841 704; x_wconf 89' lang='lat' dir='ltr'><strong>lex</strong></span> <span class='ocrx_word' id='word_1_89' title='bbox 868 664 1037 704; x_wconf 82' lang='lat' dir='ltr'><strong>Publilia</strong></span> <span class='ocrx_word' id='word_1_90' title='bbox 1065 666 1204 718; x_wconf 85' lang='lat' dir='ltr'><strong>prima,</strong></span> <span class='ocrx_word' id='word_1_91' title='bbox 1227 680 1326 719; x_wconf 82' lang='lat' dir='ltr'><strong>quae</strong></span> <span class='ocrx_word' id='word_1_92' title='bbox 1355 665 1502 717; x_wconf 87' lang='lat' dir='ltr'><strong>eadem,</strong></span> <span class='ocrx_word' id='word_1_93' title='bbox 1532 679 1577 704; x_wconf 85' lang='lat' dir='ltr'><strong>ac</strong></span> <span class='ocrx_word' id='word_1_94' title='bbox 1596 664 1755 703; x_wconf 83' lang='lat' dir='ltr'><strong>Valeria</strong></span> 
     </span>
     <span class='ocr_line' id='line_1_10' title="bbox 161 726 1755 782; baseline -0.003 -13"><span class='ocrx_word' id='word_1_95' title='bbox 161 730 325 771; x_wconf 84' lang='lat' dir='ltr'><strong>Horatia</strong></span> <span class='ocrx_word' id='word_1_96' title='bbox 353 732 423 781; x_wconf 86' lang='lat' dir='ltr'><strong>est,</strong></span> <span class='ocrx_word' id='word_1_97' title='bbox 451 743 522 782; x_wconf 90' lang='lat' dir='ltr'><strong>per</strong></span> <span class='ocrx_word' id='word_1_98' title='bbox 546 728 671 780; x_wconf 86' lang='lat' dir='ltr'><strong>legem</strong></span> <span class='ocrx_word' id='word_1_99' title='bbox 698 729 960 780; x_wconf 88' lang='lat' dir='ltr'><strong>Hortensiam,</strong></span> <span class='ocrx_word' id='word_1_100' title='bbox 987 743 1100 782; x_wconf 86' lang='lat' dir='ltr'><strong>quam</strong></span> <span class='ocrx_word' id='word_1_101' title='bbox 1136 743 1238 768; x_wconf 90' lang='lat' dir='ltr'><strong>anno</strong></span> <span class='ocrx_word' id='word_1_102' title='bbox 1267 728 1565 767; x_wconf 79' lang='lat' dir='ltr'>CCLXXXVII</span> <span class='ocrx_word' id='word_1_103' title='bbox 1600 743 1634 766; x_wconf 92' lang='lat' dir='ltr'><strong>a.</strong></span> <span class='ocrx_word' id='word_1_104' title='bbox 1661 726 1755 766; x_wconf 82' lang='lat' dir='ltr'><strong>Chr.</strong></span> 
     </span>
     <span class='ocr_line' id='line_1_11' title="bbox 162 790 1752 844; baseline -0.001 -14"><span class='ocrx_word' id='word_1_105' title='bbox 162 793 293 841; x_wconf 80' lang='lat' dir='ltr'><strong>Quint.</strong></span> <span class='ocrx_word' id='word_1_106' title='bbox 320 793 549 832; x_wconf 80' lang='lat' dir='ltr'><strong>Hortensius</strong></span> <span class='ocrx_word' id='word_1_107' title='bbox 577 791 754 842; x_wconf 88' lang='lat' dir='ltr'><strong>dictator,</strong></span> <span class='ocrx_word' id='word_1_108' title='bbox 783 805 900 844; x_wconf 88' lang='lat' dir='ltr'><strong>quum</strong></span> <span class='ocrx_word' id='word_1_109' title='bbox 927 790 1037 844; x_wconf 88' lang='lat' dir='ltr'><strong>plebs</strong></span> <span class='ocrx_word' id='word_1_110' title='bbox 1065 806 1153 831; x_wconf 85' lang='lat' dir='ltr'><strong>aere</strong></span> <span class='ocrx_word' id='word_1_111' title='bbox 1182 791 1309 830; x_wconf 89' lang='lat' dir='ltr'><strong>alieno</strong></span> <span class='ocrx_word' id='word_1_112' title='bbox 1339 806 1475 844; x_wconf 85' lang='lat' dir='ltr'><strong>pressa</strong></span> <span class='ocrx_word' id='word_1_113' title='bbox 1505 797 1596 844; x_wconf 87' lang='lat' dir='ltr'><strong>post</strong></span> <span class='ocrx_word' id='word_1_114' title='bbox 1612 805 1752 843; x_wconf 76' lang='lat' dir='ltr'><strong>graves</strong></span> 
     </span>
     <span class='ocr_line' id='line_1_12' title="bbox 164 853 1757 907; baseline -0.002 -13"><span class='ocrx_word' id='word_1_115' title='bbox 164 862 202 895; x_wconf 89' lang='lat' dir='ltr'><strong>et</strong></span> <span class='ocrx_word' id='word_1_116' title='bbox 228 855 365 907; x_wconf 85' lang='lat' dir='ltr'><strong>longas</strong></span> <span class='ocrx_word' id='word_1_117' title='bbox 401 854 615 893; x_wconf 86' lang='lat' dir='ltr'><strong>seditiones</strong></span> <span class='ocrx_word' id='word_1_118' title='bbox 653 854 692 892; x_wconf 88' lang='lat' dir='ltr'><strong>in</strong></span> <span class='ocrx_word' id='word_1_119' title='bbox 729 853 943 893; x_wconf 83' lang='lat' dir='ltr'><strong>Ianiculum</strong></span> <span class='ocrx_word' id='word_1_120' title='bbox 985 855 1218 906; x_wconf 86' lang='lat' dir='ltr'><strong>secessisset,</strong></span> <span class='ocrx_word' id='word_1_121' title='bbox 1255 856 1296 892; x_wconf 90' lang='lat' dir='ltr'><strong>in</strong></span> <span class='ocrx_word' id='word_1_122' title='bbox 1333 854 1514 894; x_wconf 85' lang='lat' dir='ltr'><strong>Esculeto</strong></span> <span class='ocrx_word' id='word_1_123' title='bbox 1548 853 1660 893; x_wconf 88' lang='lat' dir='ltr'><strong>tulit.-</strong></span> <span class='ocrx_word' id='word_1_124' title='bbox 1692 862 1757 901; x_wconf 81' lang='lat' dir='ltr'><strong>„ut</strong></span> 
     </span>
     <span class='ocr_line' id='line_1_13' title="bbox 161 916 1755 973; baseline -0.003 -15"><span class='ocrx_word' id='word_1_125' title='bbox 161 918 266 972; x_wconf 83' lang='lat' dir='ltr'><strong>quod</strong></span> <span class='ocrx_word' id='word_1_126' title='bbox 284 917 393 973; x_wconf 83' lang='lat' dir='ltr'><strong>plebs</strong></span> <span class='ocrx_word' id='word_1_127' title='bbox 416 917 593 965; x_wconf 84' lang='lat' dir='ltr'><strong>iussisset,</strong></span> <span class='ocrx_word' id='word_1_128' title='bbox 620 931 749 957; x_wconf 84' lang='lat' dir='ltr'><strong>omnes</strong></span> <span class='ocrx_word' id='word_1_129' title='bbox 776 917 941 970; x_wconf 80' lang='lat' dir='ltr'><strong>Quirites</strong></span> <span class='ocrx_word' id='word_1_130' title='bbox 968 922 1130 958; x_wconf 83' lang='lat' dir='ltr'><strong>teneret“</strong></span> <span class='ocrx_word' id='word_1_131' title='bbox 1169 918 1334 971; x_wconf 84' lang='lat' dir='ltr'><strong>repetita</strong></span> <span class='ocrx_word' id='word_1_132' title='bbox 1376 923 1491 971; x_wconf 87' lang='lat' dir='ltr'><strong>atque</strong></span> <span class='ocrx_word' id='word_1_133' title='bbox 1529 916 1755 957; x_wconf 83' lang='lat' dir='ltr'><strong>confirmata</strong></span> 
     </span>
     <span class='ocr_line' id='line_1_14' title="bbox 162 978 1754 1035; baseline -0.001 -16"><span class='ocrx_word' id='word_1_134' title='bbox 162 982 248 1019; x_wconf 64' lang='lat' dir='ltr'><strong>est?</strong></span> <span class='ocrx_word' id='word_1_135' title='bbox 301 980 404 1019; x_wconf 87' lang='lat' dir='ltr'><strong>Num</strong></span> <span class='ocrx_word' id='word_1_136' title='bbox 430 979 641 1035; x_wconf 85' lang='lat' dir='ltr'><strong>quidquam</strong></span> <span class='ocrx_word' id='word_1_137' title='bbox 669 978 774 1018; x_wconf 87' lang='lat' dir='ltr'><strong>aliud</strong></span> <span class='ocrx_word' id='word_1_138' title='bbox 800 978 873 1019; x_wconf 88' lang='lat' dir='ltr'><strong>hac</strong></span> <span class='ocrx_word' id='word_1_139' title='bbox 900 980 948 1020; x_wconf 90' lang='lat' dir='ltr'><strong>de</strong></span> <span class='ocrx_word' id='word_1_140' title='bbox 974 981 1057 1034; x_wconf 77' lang='lat' dir='ltr'><strong>lege</strong></span> <span class='ocrx_word' id='word_1_141' title='bbox 1073 987 1177 1020; x_wconf 88' lang='lat' dir='ltr'><strong>recte</strong></span> <span class='ocrx_word' id='word_1_142' title='bbox 1197 982 1327 1034; x_wconf 88' lang='lat' dir='ltr'><strong>putari</strong></span> <span class='ocrx_word' id='word_1_143' title='bbox 1341 983 1497 1035; x_wconf 69' lang='lat' dir='ltr'><strong>potest?</strong></span> <span class='ocrx_word' id='word_1_144' title='bbox 1524 981 1754 1035; x_wconf 87' lang='lat' dir='ltr'><strong>praesertim</strong></span> 
     </span>
     <span class='ocr_line' id='line_1_15' title="bbox 163 1043 1755 1098; baseline 0 -17"><span class='ocrx_word' id='word_1_145' title='bbox 163 1058 281 1097; x_wconf 83' lang='lat' dir='ltr'><strong>quum</strong></span> <span class='ocrx_word' id='word_1_146' title='bbox 317 1058 450 1082; x_wconf 89' lang='lat' dir='ltr'><strong>omnes</strong></span> <span class='ocrx_word' id='word_1_147' title='bbox 478 1045 710 1097; x_wconf 83' lang='lat' dir='ltr'><strong>scriptores,</strong></span> <span class='ocrx_word' id='word_1_148' title='bbox 749 1044 816 1097; x_wconf 85' lang='lat' dir='ltr'><strong>qui</strong></span> <span class='ocrx_word' id='word_1_149' title='bbox 855 1043 968 1084; x_wconf 88' lang='lat' dir='ltr'><strong>huius</strong></span> <span class='ocrx_word' id='word_1_150' title='bbox 995 1044 1092 1098; x_wconf 82' lang='lat' dir='ltr'><strong>legis</strong></span> <span class='ocrx_word' id='word_1_151' title='bbox 1120 1045 1353 1097; x_wconf 76' lang='lat' dir='ltr'><strong>mentionem</strong></span> <span class='ocrx_word' id='word_1_152' title='bbox 1380 1044 1568 1096; x_wconf 83' lang='lat' dir='ltr'><strong>fecerint,</strong></span> <span class='ocrx_word' id='word_1_153' title='bbox 1609 1043 1755 1083; x_wconf 86' lang='lat' dir='ltr'><strong>eisdem</strong></span> 
     </span>
     <span class='ocr_line' id='line_1_16' title="bbox 162 1106 1755 1162; baseline -0.001 -17"><span class='ocrx_word' id='word_1_154' title='bbox 162 1108 246 1146; x_wconf 82' lang='lat' dir='ltr'><strong>fere</strong></span> <span class='ocrx_word' id='word_1_155' title='bbox 272 1106 417 1159; x_wconf 80' lang='lat' dir='ltr'><strong>verbis,</strong></span> <span class='ocrx_word' id='word_1_156' title='bbox 446 1107 589 1161; x_wconf 88' lang='lat' dir='ltr'><strong>quibus</strong></span> <span class='ocrx_word' id='word_1_157' title='bbox 617 1107 679 1146; x_wconf 84' lang='lat' dir='ltr'><strong>lex</strong></span> <span class='ocrx_word' id='word_1_158' title='bbox 702 1106 873 1146; x_wconf 85' lang='lat' dir='ltr'><strong>Publilia</strong></span> <span class='ocrx_word' id='word_1_159' title='bbox 898 1115 1081 1162; x_wconf 86' lang='lat' dir='ltr'><strong>concepta</strong></span> <span class='ocrx_word' id='word_1_160' title='bbox 1109 1115 1179 1161; x_wconf 91' lang='lat' dir='ltr'><strong>est,</strong></span> <span class='ocrx_word' id='word_1_161' title='bbox 1206 1110 1247 1146; x_wconf 89' lang='lat' dir='ltr'><strong>in</strong></span> <span class='ocrx_word' id='word_1_162' title='bbox 1281 1108 1355 1147; x_wconf 87' lang='lat' dir='ltr'><strong>hac</strong></span> <span class='ocrx_word' id='word_1_163' title='bbox 1398 1108 1486 1160; x_wconf 81' lang='lat' dir='ltr'><strong>lege</strong></span> <span class='ocrx_word' id='word_1_164' title='bbox 1515 1107 1665 1147; x_wconf 88' lang='lat' dir='ltr'><strong>edenda</strong></span> <span class='ocrx_word' id='word_1_165' title='bbox 1694 1107 1755 1144; x_wconf 91' lang='lat' dir='ltr'><strong>usi</strong></span> 
     </span>
     <span class='ocr_line' id='line_1_17' title="bbox 162 1169 1753 1224; baseline 0.001 -17"><span class='ocrx_word' id='word_1_166' title='bbox 162 1172 248 1208; x_wconf 88' lang='lat' dir='ltr'><strong>sint.</strong></span> <span class='ocrx_word' id='word_1_167' title='bbox 301 1169 411 1208; x_wconf 87' lang='lat' dir='ltr'><strong>Nihil</strong></span> <span class='ocrx_word' id='word_1_168' title='bbox 439 1178 497 1209; x_wconf 88' lang='lat' dir='ltr'><strong>est</strong></span> <span class='ocrx_word' id='word_1_169' title='bbox 524 1185 630 1222; x_wconf 83' lang='lat' dir='ltr'><strong>vero,</strong></span> <span class='ocrx_word' id='word_1_170' title='bbox 659 1170 765 1224; x_wconf 87' lang='lat' dir='ltr'><strong>quod</strong></span> <span class='ocrx_word' id='word_1_171' title='bbox 792 1177 829 1210; x_wconf 89' lang='lat' dir='ltr'><strong>te</strong></span> <span class='ocrx_word' id='word_1_172' title='bbox 857 1171 1050 1211; x_wconf 83' lang='lat' dir='ltr'><strong>offendant</strong></span> <span class='ocrx_word' id='word_1_173' title='bbox 1077 1172 1200 1212; x_wconf 90' lang='lat' dir='ltr'><strong>Laelii</strong></span> <span class='ocrx_word' id='word_1_174' title='bbox 1227 1172 1369 1211; x_wconf 90' lang='lat' dir='ltr'><strong>Felicis</strong></span> <span class='ocrx_word' id='word_1_175' title='bbox 1399 1171 1518 1211; x_wconf 86' lang='lat' dir='ltr'><strong>verba</strong></span> <span class='ocrx_word' id='word_1_176' title='bbox 1535 1170 1641 1223; x_wconf 84' lang='lat' dir='ltr'><strong>apud</strong></span> <span class='ocrx_word' id='word_1_177' title='bbox 1657 1169 1753 1209; x_wconf 86' lang='lat' dir='ltr'><strong>Gel-</strong></span> 
     </span>
     <span class='ocr_line' id='line_1_18' title="bbox 160 1233 1757 1289; baseline 0.002 -19"><span class='ocrx_word' id='word_1_178' title='bbox 160 1233 255 1271; x_wconf 92' lang='lat' dir='ltr'><strong>lium</strong></span> <span class='ocrx_word' id='word_1_179' title='bbox 283 1233 349 1283; x_wconf 84' lang='lat' dir='ltr'><strong>(N.</strong></span> <span class='ocrx_word' id='word_1_180' title='bbox 375 1234 454 1270; x_wconf 83' lang='lat' dir='ltr'><strong>Att.</strong></span> <span class='ocrx_word' id='word_1_181' title='bbox 483 1233 572 1271; x_wconf 88' lang='lat' dir='ltr'><strong>XV.</strong></span> <span class='ocrx_word' id='word_1_182' title='bbox 601 1238 691 1281; x_wconf 77' lang='lat' dir='ltr'>27J:</span> <span class='ocrx_word' id='word_1_183' title='bbox 723 1234 879 1287; x_wconf 82' lang='lat' dir='ltr'><strong>„quibus</strong></span> <span class='ocrx_word' id='word_1_184' title='bbox 904 1236 1167 1289; x_wconf 59' lang='lat' dir='ltr'><strong>rogationibzcs</strong></span> <span class='ocrx_word' id='word_1_185' title='bbox 1203 1236 1367 1289; x_wconf 81' lang='lat' dir='ltr'><strong>patricii</strong></span> <span class='ocrx_word' id='word_1_186' title='bbox 1398 1244 1491 1274; x_wconf 87' lang='lat' dir='ltr'><strong>ante</strong></span> <span class='ocrx_word' id='word_1_187' title='bbox 1526 1248 1604 1273; x_wconf 87' lang='lat' dir='ltr'><strong>non</strong></span> <span class='ocrx_word' id='word_1_188' title='bbox 1643 1243 1757 1273; x_wconf 85' lang='lat' dir='ltr'><strong>tene-</strong></span> 
     </span>
     <span class='ocr_line' id='line_1_19' title="bbox 163 1294 1754 1353; baseline 0 -19"><span class='ocrx_word' id='word_1_189' title='bbox 163 1295 318 1347; x_wconf 80' lang='lat' dir='ltr'><strong>bantur,</strong></span> <span class='ocrx_word' id='word_1_190' title='bbox 346 1294 467 1334; x_wconf 84' lang='lat' dir='ltr'><strong>donec</strong></span> <span class='ocrx_word' id='word_1_191' title='bbox 493 1297 539 1349; x_wconf 90' lang='lat' dir='ltr'><strong>Q.</strong></span> <span class='ocrx_word' id='word_1_192' title='bbox 570 1296 795 1336; x_wconf 82' lang='lat' dir='ltr'><strong>Hortensius</strong></span> <span class='ocrx_word' id='word_1_193' title='bbox 825 1296 991 1337; x_wconf 82' lang='lat' dir='ltr'><strong>dictator</strong></span> <span class='ocrx_word' id='word_1_194' title='bbox 1025 1299 1146 1353; x_wconf 77' lang='lat' dir='ltr'><strong>Iegem</strong></span> <span class='ocrx_word' id='word_1_195' title='bbox 1184 1300 1304 1338; x_wconf 80' lang='lat' dir='ltr'><strong>tulit.“</strong></span> <span class='ocrx_word' id='word_1_196' title='bbox 1361 1297 1493 1351; x_wconf 80' lang='lat' dir='ltr'><strong>Atque</strong></span> <span class='ocrx_word' id='word_1_197' title='bbox 1533 1296 1609 1335; x_wconf 90' lang='lat' dir='ltr'><strong>hoc</strong></span> <span class='ocrx_word' id='word_1_198' title='bbox 1632 1295 1754 1335; x_wconf 85' lang='lat' dir='ltr'><strong>vehe-</strong></span> 
     </span>
     <span class='ocr_line' id='line_1_20' title="bbox 161 1359 1752 1415; baseline 0.001 -19"><span class='ocrx_word' id='word_1_199' title='bbox 161 1364 311 1397; x_wconf 88' lang='lat' dir='ltr'><strong>menter</strong></span> <span class='ocrx_word' id='word_1_200' title='bbox 336 1359 571 1411; x_wconf 84' lang='lat' dir='ltr'><strong>negaverim,</strong></span> <span class='ocrx_word' id='word_1_201' title='bbox 597 1359 701 1411; x_wconf 85' lang='lat' dir='ltr'><strong>inde,</strong></span> <span class='ocrx_word' id='word_1_202' title='bbox 730 1360 835 1413; x_wconf 89' lang='lat' dir='ltr'><strong>quod</strong></span> <span class='ocrx_word' id='word_1_203' title='bbox 863 1361 981 1399; x_wconf 88' lang='lat' dir='ltr'><strong>Gaius</strong></span> <span class='ocrx_word' id='word_1_204' title='bbox 1008 1368 1044 1400; x_wconf 84' lang='lat' dir='ltr'><strong>et</strong></span> <span class='ocrx_word' id='word_1_205' title='bbox 1072 1361 1152 1414; x_wconf 81' lang='lat' dir='ltr'><strong>alii,</strong></span> <span class='ocrx_word' id='word_1_206' title='bbox 1170 1363 1237 1415; x_wconf 88' lang='lat' dir='ltr'><strong>qui</strong></span> <span class='ocrx_word' id='word_1_207' title='bbox 1265 1361 1363 1414; x_wconf 81' lang='lat' dir='ltr'><strong>legis</strong></span> <span class='ocrx_word' id='word_1_208' title='bbox 1380 1361 1614 1400; x_wconf 82' lang='lat' dir='ltr'><strong>Hortensiae</strong></span> <span class='ocrx_word' id='word_1_209' title='bbox 1641 1374 1752 1398; x_wconf 90' lang='lat' dir='ltr'><strong>men-</strong></span> 
     </span>
     <span class='ocr_line' id='line_1_21' title="bbox 161 1421 1755 1476; baseline 0.001 -16"><span class='ocrx_word' id='word_1_210' title='bbox 161 1422 305 1461; x_wconf 89' lang='lat' dir='ltr'><strong>tionem</strong></span> <span class='ocrx_word' id='word_1_211' title='bbox 331 1421 508 1461; x_wconf 85' lang='lat' dir='ltr'><strong>fecerunt</strong></span> <span class='ocrx_word' id='word_1_212' title='bbox 534 1422 631 1471; x_wconf 82' lang='lat' dir='ltr'><strong>(vid.</strong></span> <span class='ocrx_word' id='word_1_213' title='bbox 658 1429 693 1473; x_wconf 86' lang='lat'><strong>§.</strong></span> <span class='ocrx_word' id='word_1_214' title='bbox 721 1427 780 1476; x_wconf 76' lang='lat'><strong>2),</strong></span> <span class='ocrx_word' id='word_1_215' title='bbox 816 1422 941 1476; x_wconf 83' lang='lat' dir='ltr'><strong>legem</strong></span> <span class='ocrx_word' id='word_1_216' title='bbox 967 1422 1173 1462; x_wconf 88' lang='lat' dir='ltr'><strong>Publiliam</strong></span> <span class='ocrx_word' id='word_1_217' title='bbox 1209 1424 1364 1464; x_wconf 89' lang='lat' dir='ltr'><strong>silentio</strong></span> <span class='ocrx_word' id='word_1_218' title='bbox 1404 1424 1642 1476; x_wconf 82' lang='lat' dir='ltr'><strong>transierint,</strong></span> <span class='ocrx_word' id='word_1_219' title='bbox 1670 1424 1755 1462; x_wconf 88' lang='lat' dir='ltr'><strong>iure</strong></span> 
     </span>
     <span class='ocr_line' id='line_1_22' title="bbox 162 1484 1753 1540; baseline 0.001 -16"><span class='ocrx_word' id='word_1_220' title='bbox 162 1484 294 1537; x_wconf 85' lang='lat' dir='ltr'><strong>colligi</strong></span> <span class='ocrx_word' id='word_1_221' title='bbox 321 1499 450 1538; x_wconf 78' lang='lat' dir='ltr'><strong>posse,</strong></span> <span class='ocrx_word' id='word_1_222' title='bbox 478 1485 519 1524; x_wconf 88' lang='lat' dir='ltr'><strong>id</strong></span> <span class='ocrx_word' id='word_1_223' title='bbox 547 1486 652 1540; x_wconf 87' lang='lat' dir='ltr'><strong>quod</strong></span> <span class='ocrx_word' id='word_1_224' title='bbox 679 1486 872 1527; x_wconf 81' lang='lat' dir='ltr'><strong>Hoeckius</strong></span> <span class='ocrx_word' id='word_1_225' title='bbox 900 1487 1047 1540; x_wconf 79' lang='lat' dir='ltr'><strong>putavit</strong></span> <span class='ocrx_word' id='word_1_226' title='bbox 1073 1492 1101 1530; x_wconf 68' lang='grc' dir='ltr'><strong>Ι,</strong></span> <span class='ocrx_word' id='word_1_227' title='bbox 1132 1502 1163 1530; x_wconf 85' lang='lat' dir='ltr'><strong>e.</strong></span> <span class='ocrx_word' id='word_1_228' title='bbox 1194 1491 1257 1539; x_wconf 79' lang='lat'><strong>15,</strong></span> <span class='ocrx_word' id='word_1_229' title='bbox 1297 1486 1368 1527; x_wconf 85' lang='lat' dir='ltr'><strong>has</strong></span> <span class='ocrx_word' id='word_1_230' title='bbox 1405 1486 1512 1539; x_wconf 85' lang='lat' dir='ltr'><strong>leges</strong></span> <span class='ocrx_word' id='word_1_231' title='bbox 1546 1486 1661 1539; x_wconf 86' lang='lat' dir='ltr'><strong>plane</strong></span> <span class='ocrx_word' id='word_1_232' title='bbox 1690 1485 1753 1526; x_wconf 92' lang='lat' dir='ltr'><strong>di-</strong></span> 
     </span>
     <span class='ocr_line' id='line_1_23' title="bbox 161 1549 1755 1603; baseline 0.001 -16"><span class='ocrx_word' id='word_1_233' title='bbox 161 1562 294 1588; x_wconf 81' lang='lat' dir='ltr'><strong>versas</strong></span> <span class='ocrx_word' id='word_1_234' title='bbox 322 1562 418 1589; x_wconf 88' lang='lat' dir='ltr'><strong>esse.</strong></span> <span class='ocrx_word' id='word_1_235' title='bbox 473 1549 559 1588; x_wconf 89' lang='lat' dir='ltr'><strong>Hoc</strong></span> <span class='ocrx_word' id='word_1_236' title='bbox 603 1550 704 1589; x_wconf 88' lang='lat' dir='ltr'><strong>enim</strong></span> <span class='ocrx_word' id='word_1_237' title='bbox 743 1551 926 1603; x_wconf 82' lang='lat' dir='ltr'><strong>incuriae,</strong></span> <span class='ocrx_word' id='word_1_238' title='bbox 970 1550 1063 1589; x_wconf 90' lang='lat' dir='ltr'><strong>illud</strong></span> <span class='ocrx_word' id='word_1_239' title='bbox 1100 1551 1275 1590; x_wconf 86' lang='lat' dir='ltr'><strong>inscitiae</strong></span> <span class='ocrx_word' id='word_1_240' title='bbox 1331 1565 1415 1590; x_wconf 89' lang='lat' dir='ltr'><strong>esse</strong></span> <span class='ocrx_word' id='word_1_241' title='bbox 1463 1549 1755 1590; x_wconf 85' lang='lat' dir='ltr'><strong>attribuendum</strong></span> 
     </span>
     <span class='ocr_line' id='line_1_24' title="bbox 163 1610 1753 1667; baseline 0.003 -18"><span class='ocrx_word' id='word_1_242' title='bbox 163 1610 473 1653; x_wconf 82' lang='lat' dir='ltr'><strong>existimaverim.</strong></span> <span class='ocrx_word' id='word_1_243' title='bbox 539 1612 616 1652; x_wconf 90' lang='lat' dir='ltr'><strong>Sed</strong></span> <span class='ocrx_word' id='word_1_244' title='bbox 652 1612 746 1666; x_wconf 84' lang='lat' dir='ltr'><strong>quid</strong></span> <span class='ocrx_word' id='word_1_245' title='bbox 781 1627 877 1665; x_wconf 89' lang='lat' dir='ltr'><strong>opus</strong></span> <span class='ocrx_word' id='word_1_246' title='bbox 912 1619 970 1653; x_wconf 83' lang='lat' dir='ltr'><strong>est</strong></span> <span class='ocrx_word' id='word_1_247' title='bbox 1002 1612 1140 1666; x_wconf 65' lang='lat' dir='ltr'><strong>plura?</strong></span> <span class='ocrx_word' id='word_1_248' title='bbox 1194 1613 1363 1667; x_wconf 80' lang='lat' dir='ltr'><strong>Vereor,</strong></span> <span class='ocrx_word' id='word_1_249' title='bbox 1404 1629 1452 1654; x_wconf 90' lang='lat' dir='ltr'><strong>ne</strong></span> <span class='ocrx_word' id='word_1_250' title='bbox 1493 1612 1567 1653; x_wconf 90' lang='lat' dir='ltr'><strong>hac</strong></span> <span class='ocrx_word' id='word_1_251' title='bbox 1609 1612 1658 1653; x_wconf 90' lang='lat' dir='ltr'><strong>de</strong></span> <span class='ocrx_word' id='word_1_252' title='bbox 1697 1628 1753 1666; x_wconf 82' lang='lat' dir='ltr'><strong>re,</strong></span> 
     </span>
     <span class='ocr_line' id='line_1_25' title="bbox 162 1673 1750 1730; baseline 0.002 -18"><span class='ocrx_word' id='word_1_253' title='bbox 162 1688 278 1727; x_wconf 84' lang='lat' dir='ltr'><strong>quam</strong></span> <span class='ocrx_word' id='word_1_254' title='bbox 305 1673 480 1713; x_wconf 86' lang='lat' dir='ltr'><strong>homines</strong></span> <span class='ocrx_word' id='word_1_255' title='bbox 508 1674 626 1727; x_wconf 84' lang='lat' dir='ltr'><strong>docti,</strong></span> <span class='ocrx_word' id='word_1_256' title='bbox 654 1682 697 1713; x_wconf 85' lang='lat' dir='ltr'><strong>ut</strong></span> <span class='ocrx_word' id='word_1_257' title='bbox 725 1675 843 1714; x_wconf 84' lang='lat' dir='ltr'><strong>multa</strong></span> <span class='ocrx_word' id='word_1_258' title='bbox 869 1675 944 1714; x_wconf 86' lang='lat' dir='ltr'><strong>alia</strong></span> <span class='ocrx_word' id='word_1_259' title='bbox 965 1691 1033 1729; x_wconf 80' lang='lat' dir='ltr'><strong>per</strong></span> <span class='ocrx_word' id='word_1_260' title='bbox 1048 1691 1090 1715; x_wconf 89' lang='lat' dir='ltr'><strong>se</strong></span> <span class='ocrx_word' id='word_1_261' title='bbox 1109 1683 1227 1729; x_wconf 85' lang='lat' dir='ltr'><strong>certa,</strong></span> <span class='ocrx_word' id='word_1_262' title='bbox 1242 1677 1401 1717; x_wconf 90' lang='lat' dir='ltr'><strong>dubiam</strong></span> <span class='ocrx_word' id='word_1_263' title='bbox 1423 1678 1600 1730; x_wconf 82' lang='lat' dir='ltr'><strong>fecerint,</strong></span> <span class='ocrx_word' id='word_1_264' title='bbox 1621 1677 1750 1730; x_wconf 82' lang='lat' dir='ltr'><strong>plura,</strong></span> 
     </span>
     <span class='ocr_line' id='line_1_26' title="bbox 162 1737 788 1790; baseline 0.005 -15"><span class='ocrx_word' id='word_1_265' title='bbox 162 1751 277 1790; x_wconf 89' lang='lat' dir='ltr'><strong>quam</strong></span> <span class='ocrx_word' id='word_1_266' title='bbox 303 1751 462 1778; x_wconf 88' lang='lat' dir='ltr'><strong>necesse</strong></span> <span class='ocrx_word' id='word_1_267' title='bbox 490 1744 585 1790; x_wconf 84' lang='lat' dir='ltr'><strong>erat,</strong></span> <span class='ocrx_word' id='word_1_268' title='bbox 614 1737 788 1781; x_wconf 81' lang='lat' dir='ltr'><strong>dixerim.</strong></span> 
     </span>
    </p>
   </div>
  </div>
 </body>
</html>
