1911 2442
134 215 247 269 pedn
257 230 312 256 en
323 215 406 255 das
444 214 516 254 has
555 214 778 267 rogationes
814 213 981 267 patricii,
1021 213 1185 253 maxime
1219 213 1392 253 iuniores
1427 213 1525 253 duce
1554 213 1730 254 Caesone

134 280 262 319 omnia
289 279 466 319 fecerunt
485 292 611 331 neque
629 276 679 316 ab
699 278 846 330 impetu
873 282 912 316 et
935 278 1050 315 armis
1077 275 1358 317 abstinuerunt.
1386 276 1474 318 Liv.
1502 276 1573 318 111.
1600 280 1639 318 9.
1669 273 1731 324 55

132 343 296 397 Dionys.
324 342 374 385 X
406 346 440 384 1.
468 345 533 382 55.
587 340 670 379 lam
698 355 756 392 ea,
786 353 872 393 quae
898 346 988 392 post
1013 338 1140 392 legem
1159 337 1358 378 Valeriam
1384 339 1588 379 Horatiam
1615 338 1732 379 latam

133 411 219 444 acta
243 411 346 455 sunt,
372 403 666 457 perpendamus.
720 405 837 441 Anno
865 402 965 441 enim
994 401 1328 441 CCCCXXXXV
1353 416 1388 442 a.
1415 401 1509 443 Chr.
1539 418 1578 443 n.
1598 402 1731 442 Canu·

132 466 232 507 leius
258 466 438 506 tribunus
465 465 594 520 plebis
622 465 670 505 de
699 464 894 505 connubio
917 472 1068 518 patrum
1096 472 1134 504 et
1161 464 1289 518 plebis
1316 463 1426 517 tulit,
1464 465 1600 505 eodem
1627 480 1730 506 anno

131 529 249 584 paulo
278 537 367 584 post
394 544 534 569 novem
571 528 637 566 alii
673 528 822 568 tribuni
858 528 982 568 hanc
1016 530 1258 581 rogationem
1298 523 1615 582 promulgarunt,
1653 538 1729 577 „ut

126 595 272 650 populo
293 603 465 650 potestas
492 602 599 644 esset,
626 607 692 632 sea
716 591 765 633 de
786 593 913 649 plebe,
939 608 1001 633 sea
1027 592 1076 632 de
1106 591 1287 648 patribus
1312 592 1438 643 vellet,
1467 592 1633 632 consules
1650 592 1731 639 sa·-

130 658 297 700 ciendi.“
353 658 465 696 Laeti
493 655 697 695 audierunt
718 665 848 710 patres
872 657 947 696 hoc
972 658 1058 710 ipso
1076 663 1251 709 tempore
1279 654 1413 708 plures
1441 654 1609 708 populos
1635 655 1727 695 fini-

130 722 245 759 timos
273 718 419 758 bellum
446 733 596 772 parare.
651 719 727 760 Vel
754 719 851 759 adeo
878 719 959 758 haec
985 719 1089 758 bella
1124 719 1165 756 in
1192 718 1321 756 maius
1350 723 1551 770 auxerunt,
1579 733 1728 757 summa

128 782 170 820 vi
196 780 341 822 bellum
368 796 552 835 armaque
577 781 878 835 adparaverunt3
906 782 1074 821 iuniores
1102 787 1342 820 sacramento
1379 780 1593 833 adegerunt
1620 788 1659 821 et
1685 783 1728 822 iu

129 850 256 883 castra
283 844 512 894 eduxerunt3
556 846 650 898 quin
684 846 762 884 imo
796 843 971 884 consules
1004 845 1044 882 in
1080 844 1307 882 concionem
1343 842 1472 896 plebis
1496 844 1725 898 procedunt,

129 903 335 947 admodum
362 907 514 947 infestis
542 908 784 948 orationibus
811 907 920 962 plebi
948 915 985 948 et
1010 907 1179 947 tribunis
1207 908 1414 948 minantur.
1453 906 1556 956 Quid
1584 907 1727 961 plura?

128 969 238 1010 Nihil
273 971 429 1024 patricii
462 972 701 1025 inexpertum
735 971 994 1025 reliquerunt,
1032 977 1075 1009 ut
1114 970 1367 1023 impedirent,
1405 971 1612 1024 quominus
1646 971 1723 1011 illae

126 1034 348 1086 rogationes
375 1034 657 1087 perferrentur:
712 1035 865 1088 „Nec,“
900 1035 1024 1089 inquit
1059 1034 1144 1076 Liv.
1173 1034 1241 1076 lv,
1270 1038 1309 1086 6,
1344 1043 1468 1086 „ante
1488 1034 1598 1088 finis
1624 1050 1725 1076 con·—

127 1098 339 1136 tmtionum
371 1098 468 1147 fuit,
505 1113 624 1151 quam
661 1099 755 1138 victi
790 1098 947 1138 tandem
976 1108 1134 1152 patres,
1174 1107 1216 1135 ut
1244 1097 1293 1137 de
1327 1097 1515 1137 connubio
1533 1098 1723 1149 ferretur,

126 1160 393 1201 oorwenseref‘
446 1160 511 1199 Ad
549 1175 665 1213 quem
700 1160 895 1200 ferretur?
922 1161 955 1199 si
985 1160 1309 1212 interrogaveris,
1347 1166 1451 1198 certe
1478 1160 1527 1199 ad
1552 1160 1721 1214 plebem,

125 1233 212 1275 qun
250 1219 291 1260 in
320 1222 487 1261 comitiis
520 1221 678 1262 tributis
711 1222 812 1263 hanc
855 1224 1093 1276 rogationem
1130 1223 1323 1262 scisceret.
1384 1222 1497 1271 Quod
1533 1225 1569 1262 si
1606 1225 1723 1265 etiam

124 1296 228 1323 nunc
255 1280 558 1338 addubitaveris,
591 1301 755 1340 mecum,
784 1301 932 1340 quaeso,
966 1286 1067 1339 haec,
1097 1301 1183 1340 quae
1211 1292 1445 1340 sequuntur,
1487 1287 1720 1332 consideres.

124 1348 241 1385 Anno
270 1348 372 1387 enim
399 1347 671 1390 CCCLXXVI
698 1364 731 1389 a.
760 1349 853 1392 Chr.
883 1365 920 1391 n.
949 1350 992 1392 C,
1020 1350 1193 1389 Licinius
1223 1355 1261 1388 et
1288 1349 1334 1388 L.
1364 1349 1516 1388 Sextius
1541 1351 1719 1403 promul·

124 1415 267 1461 gar-unt
293 1409 364 1450 has
381 1413 623 1464 rogationes:
640 1427 798 1466 ⁴„unam
814 1412 862 1453 de
889 1427 976 1453 aere
987 1413 1126 1464 alieno,
1149 1412 1315 1452 alteram
1333 1412 1381 1451 de
1401 1412 1515 1453 modo
1533 1428 1719 1469 agrorum

121 1472 406 1527 (publicorum),
433 1476 602 1528 tertiam,
625 1491 674 1516 ne
701 1477 857 1516 comitia
884 1476 1120 1516 tribunorum
1154 1475 1317 1514 militum
1334 1475 1495 1528 fierent,
1523 1479 1719 1518 consulum

123 1536 222 1576 alter
245 1551 268 1577 e
286 1537 398 1593 plebe
425 1539 661 1582 crearetur.“
712 1539 883 1592 „Patres
910 1540 1106 1580 conterriti
1129 1539 1232 1579 nullo
1258 1539 1337 1579 alio
1369 1539 1537 1580 remedio
1557 1550 1719 1596 praeter

121 1609 324 1654 expertam
350 1603 478 1642 multis
505 1603 586 1642 iam
611 1612 703 1643 ante
730 1604 997 1643 certaminibus
1024 1604 1327 1643 intercessionem
1363 1604 1520 1643 invento
1552 1605 1718 1658 collegas

121 1662 306 1702 adversus
328 1664 414 1704 illas
439 1666 659 1718 rorrationes
685 1677 1017 1721 comparaverunt.
1072 1667 1152 1720 Qui
1179 1666 1245 1705 ubi
1267 1666 1389 1706 tribus
1415 1665 1472 1704 ad
1485 1668 1717 1721 affugium

120 1725 328 1766 iracundam
357 1729 475 1769 citare
498 1744 524 1768 a
552 1730 700 1771 Licinio
726 1731 931 1785 Seoetzbque
958 1729 1148 1783 viderunt,
1171 1730 1309 1785 stipati
1327 1739 1488 1785 patrum
1508 1729 1717 1784 praesidiis

120 1802 190 1829 nec
223 1791 383 1830 recitari
413 1803 635 1846 rogatzones
645 1824 658 1846 ,
693 1809 763 1835 nec
802 1795 966 1836 solemne
1000 1793 1210 1849 quidquam
1247 1792 1357 1833 ahud
1390 1793 1448 1833 ad
1480 1793 1716 1834 sciscendum

115 1852 223 1905 plebi
243 1853 332 1902 fieri
352 1856 464 1907 passi
486 1866 587 1897 sant.
590 1857 618 1879 “
644 1858 730 1897 Liv
761 1859 828 1897 vl.
856 1863 920 1900 56
947 1859 1004 1896 Ita
1032 1871 1103 1910 per
1130 1857 1262 1895 decem
1281 1870 1404 1895 annos
1427 1863 1557 1908 patres
1579 1863 1715 1896 contra

118 1912 190 1954 has
226 1913 454 1955 tribunicias
491 1920 712 1971 rogationes
746 1934 895 1961 summa
923 1922 962 1959 vi
996 1925 1238 1974 pugnarunt,
1273 1919 1398 1975 primo
1437 1918 1714 1959 intercessione

118 1975 367 2032 collegarum,
396 1978 536 2021 deinde
563 1981 807 2036 ablegatione
834 1984 1041 2025 iuventutis
1070 1982 1120 2023 ad
1149 1981 1386 2022 Veliternum
1421 1981 1567 2022 bellum
1575 2012 1590 2034 ‚
1633 1989 1714 2022 tum

117 2038 305 2081 dictatore
334 2042 461 2096 dicto,
490 2046 558 2097 qui
585 2059 657 2099 per
691 2045 849 2087 lictores
881 2047 1036 2102 plebem
1072 2047 1120 2086 de
1155 2045 1284 2086 medio
1311 2046 1399 2085 foro
1427 2053 1638 2099 amoveret,
1664 2061 1713 2086 ne

117 2103 343 2156 suffragium
367 2106 501 2159 iniret,
529 2114 725 2161 postremo
753 2124 826 2163 per
858 2111 1030 2165 Appium
1058 2108 1261 2148 Claudium
1292 2109 1490 2161 Crassum,
1518 2110 1586 2163 qui
1612 2111 1714 2149 truci

116 2167 291 2211 oratione
318 2167 359 2205 in
387 2168 580 2214 Licinium
618 2177 657 2211 et
692 2172 863 2212 Sextium
898 2175 1071 2212 invectus
1106 2179 1180 2212 est:
1219 2173 1351 2225 itaque
1386 2172 1514 2211 omnia
1548 2178 1712 2224 tentant,

1257 2229 1283 2265 2
