<?xml version="1.0" encoding="UTF-8"?>
<!DOCTYPE html PUBLIC "-//W3C//DTD XHTML 1.0 Transitional//EN"
    "http://www.w3.org/TR/xhtml1/DTD/xhtml1-transitional.dtd">
<html xmlns="http://www.w3.org/1999/xhtml" xml:lang="en" lang="en">
 <head>
  <title>
</title>
<meta http-equiv="Content-Type" content="text/html;charset=utf-8" />
  <meta name='ocr-system' content='tesseract 3.04.00' />
  <meta name='ocr-capabilities' content='ocr_page ocr_carea ocr_par ocr_line ocrx_word'/>
</head>
<body>
  <div class='ocr_page' id='page_1' title='image "4771751_0016.png"; bbox 0 0 1911 2442; ppageno 0'>
   <div class='ocr_carea' id='block_1_1' title="bbox 808 200 951 204">
    <p class='ocr_par' dir='ltr' id='par_1_1' title="bbox 808 200 951 204">
     <span class='ocr_line' id='line_1_1' title="bbox 808 200 951 204; baseline 0 0"><span class='ocrx_word' id='word_1_1' title='bbox 808 200 951 204; x_wconf 95' lang='lat' dir='ltr'><strong> </strong></span> 
     </span>
    </p>
   </div>
   <div class='ocr_carea' id='block_1_2' title="bbox 98 263 1729 2145">
    <p class='ocr_par' dir='ltr' id='par_1_2' title="bbox 98 263 1729 2145">
     <span class='ocr_line' id='line_1_2' title="bbox 105 263 1708 318; baseline 0.001 -14"><span class='ocrx_word' id='word_1_2' title='bbox 105 270 275 304; x_wconf 80' lang='lat' dir='ltr'><strong>extrema</strong></span> <span class='ocrx_word' id='word_1_3' title='bbox 317 266 583 318; x_wconf 86' lang='lat' dir='ltr'><strong>experiuntur,</strong></span> <span class='ocrx_word' id='word_1_4' title='bbox 622 270 664 302; x_wconf 94' lang='lat' dir='ltr'><strong>ut</strong></span> <span class='ocrx_word' id='word_1_5' title='bbox 690 263 956 316; x_wconf 79' lang='lat' dir='ltr'>impediretur,</span> <span class='ocrx_word' id='word_1_6' title='bbox 996 264 1202 317; x_wconf 79' lang='lat' dir='ltr'>quominus</span> <span class='ocrx_word' id='word_1_7' title='bbox 1239 264 1365 304; x_wconf 85' lang='lat' dir='ltr'><strong>tribus</strong></span> <span class='ocrx_word' id='word_1_8' title='bbox 1405 266 1446 304; x_wconf 88' lang='lat' dir='ltr'><strong>in</strong></span> <span class='ocrx_word' id='word_1_9' title='bbox 1480 266 1708 318; x_wconf 78' lang='lat' dir='ltr'><strong>suffragium</strong></span> 
     </span>
     <span class='ocr_line' id='line_1_3' title="bbox 102 320 1706 382; baseline 0.001 -16"><span class='ocrx_word' id='word_1_10' title='bbox 102 320 231 367; x_wconf 82' lang='lat' dir='ltr'><strong>missae</strong></span> <span class='ocrx_word' id='word_1_11' title='bbox 260 327 331 367; x_wconf 82' lang='lat' dir='ltr'><strong>has</strong></span> <span class='ocrx_word' id='word_1_12' title='bbox 366 328 590 380; x_wconf 82' lang='lat' dir='ltr'><strong>rogationes</strong></span> <span class='ocrx_word' id='word_1_13' title='bbox 624 328 848 368; x_wconf 82' lang='lat' dir='ltr'><strong>sciscerent.</strong></span> <span class='ocrx_word' id='word_1_14' title='bbox 901 327 1062 366; x_wconf 82' lang='lat' dir='ltr'><strong>Decimo</strong></span> <span class='ocrx_word' id='word_1_15' title='bbox 1096 326 1251 367; x_wconf 81' lang='lat' dir='ltr'><strong>tandem</strong></span> <span class='ocrx_word' id='word_1_16' title='bbox 1288 342 1390 368; x_wconf 79' lang='lat' dir='ltr'><strong>anno</strong></span> <span class='ocrx_word' id='word_1_17' title='bbox 1427 342 1498 382; x_wconf 90' lang='lat' dir='ltr'><strong>per</strong></span> <span class='ocrx_word' id='word_1_18' title='bbox 1535 328 1706 381; x_wconf 81' lang='lat' dir='ltr'><strong>ingentia</strong></span> 
     </span>
     <span class='ocr_line' id='line_1_4' title="bbox 102 390 1707 443; baseline 0.002 -14"><span class='ocrx_word' id='word_1_19' title='bbox 102 392 315 430; x_wconf 80' lang='lat' dir='ltr'><strong>certamina</strong></span> <span class='ocrx_word' id='word_1_20' title='bbox 343 390 511 429; x_wconf 85' lang='lat' dir='ltr'><strong>dictator</strong></span> <span class='ocrx_word' id='word_1_21' title='bbox 539 390 725 429; x_wconf 84' lang='lat' dir='ltr'>Camillus</span> <span class='ocrx_word' id='word_1_22' title='bbox 754 396 792 429; x_wconf 90' lang='lat' dir='ltr'><strong>et</strong></span> <span class='ocrx_word' id='word_1_23' title='bbox 820 397 975 429; x_wconf 83' lang='lat' dir='ltr'><strong>senatus</strong></span> <span class='ocrx_word' id='word_1_24' title='bbox 1011 390 1104 428; x_wconf 79' lang='lat' dir='ltr'><strong>vieti</strong></span> <span class='ocrx_word' id='word_1_25' title='bbox 1142 396 1271 441; x_wconf 85' lang='lat' dir='ltr'><strong>erant,</strong></span> <span class='ocrx_word' id='word_1_26' title='bbox 1302 397 1345 430; x_wconf 88' lang='lat' dir='ltr'><strong>ut</strong></span> <span class='ocrx_word' id='word_1_27' title='bbox 1367 392 1588 443; x_wconf 80' lang='lat' dir='ltr'><strong>rogationes</strong></span> <span class='ocrx_word' id='word_1_28' title='bbox 1616 391 1707 432; x_wconf 84' lang='lat' dir='ltr'><strong>illae</strong></span> 
     </span>
     <span class='ocr_line' id='line_1_5' title="bbox 104 452 1706 508; baseline 0.001 -16"><span class='ocrx_word' id='word_1_29' title='bbox 104 454 386 507; x_wconf 75' lang='lat' dir='ltr'><strong>acciperentur,</strong></span> <span class='ocrx_word' id='word_1_30' title='bbox 414 452 455 491; x_wconf 87' lang='lat' dir='ltr'><strong>id</strong></span> <span class='ocrx_word' id='word_1_31' title='bbox 484 458 556 505; x_wconf 88' lang='lat' dir='ltr'><strong>est,</strong></span> <span class='ocrx_word' id='word_1_32' title='bbox 584 459 626 491; x_wconf 90' lang='lat' dir='ltr'><strong>ut</strong></span> <span class='ocrx_word' id='word_1_33' title='bbox 648 452 804 506; x_wconf 81' lang='lat' dir='ltr'><strong>plebem</strong></span> <span class='ocrx_word' id='word_1_34' title='bbox 829 454 1014 505; x_wconf 80' lang='lat' dir='ltr'><strong>suffragia</strong></span> <span class='ocrx_word' id='word_1_35' title='bbox 1041 453 1141 492; x_wconf 89' lang='lat' dir='ltr'><strong>inire</strong></span> <span class='ocrx_word' id='word_1_36' title='bbox 1170 459 1208 492; x_wconf 90' lang='lat' dir='ltr'><strong>et</strong></span> <span class='ocrx_word' id='word_1_37' title='bbox 1225 453 1305 505; x_wconf 87' lang='lat' dir='ltr'><strong>illa,</strong></span> <span class='ocrx_word' id='word_1_38' title='bbox 1334 468 1419 507; x_wconf 80' lang='lat' dir='ltr'><strong>quae</strong></span> <span class='ocrx_word' id='word_1_39' title='bbox 1437 454 1583 494; x_wconf 89' lang='lat' dir='ltr'><strong>tribuni</strong></span> <span class='ocrx_word' id='word_1_40' title='bbox 1610 469 1706 508; x_wconf 86' lang='lat' dir='ltr'><strong>pro-</strong></span> 
     </span>
     <span class='ocr_line' id='line_1_6' title="bbox 103 508 1707 571; baseline 0.001 -16"><span class='ocrx_word' id='word_1_41' title='bbox 103 514 338 570; x_wconf 86' lang='lat' dir='ltr'><strong>mulgarant,</strong></span> <span class='ocrx_word' id='word_1_42' title='bbox 367 517 534 556; x_wconf 84' lang='lat' dir='ltr'><strong>sciscere</strong></span> <span class='ocrx_word' id='word_1_43' title='bbox 558 517 739 555; x_wconf 83' lang='lat' dir='ltr'><strong>sinerent.</strong></span> <span class='ocrx_word' id='word_1_44' title='bbox 769 516 852 559; x_wconf 79' lang='lat' dir='ltr'><strong>Liv.</strong></span> <span class='ocrx_word' id='word_1_45' title='bbox 880 516 949 557; x_wconf 76' lang='lat' dir='ltr'><strong>vl.</strong></span> <span class='ocrx_word' id='word_1_46' title='bbox 978 520 1031 555; x_wconf 77' lang='lat'><strong>59</strong></span> <span class='ocrx_word' id='word_1_47' title='bbox 1054 539 1106 546; x_wconf 91' lang='lat'><em>-</em></span> <span class='ocrx_word' id='word_1_48' title='bbox 1134 519 1198 557; x_wconf 78' lang='lat'><strong>42.</strong></span> <span class='ocrx_word' id='word_1_49' title='bbox 1253 517 1313 555; x_wconf 85' lang='lat' dir='ltr'><strong>De</strong></span> <span class='ocrx_word' id='word_1_50' title='bbox 1341 522 1476 556; x_wconf 86' lang='lat' dir='ltr'><strong>senatu</strong></span> <span class='ocrx_word' id='word_1_51' title='bbox 1503 532 1611 569; x_wconf 85' lang='lat' dir='ltr'><strong>vero,</strong></span> <span class='ocrx_word' id='word_1_52' title='bbox 1640 508 1707 571; x_wconf 86' lang='lat' dir='ltr'><strong>qui</strong></span> 
     </span>
     <span class='ocr_line' id='line_1_7' title="bbox 104 579 1706 634; baseline 0.001 -15"><span class='ocrx_word' id='word_1_53' title='bbox 104 587 241 619; x_wconf 84' lang='lat' dir='ltr'><strong>auctor</strong></span> <span class='ocrx_word' id='word_1_54' title='bbox 280 581 407 620; x_wconf 84' lang='lat' dir='ltr'><strong>faetus</strong></span> <span class='ocrx_word' id='word_1_55' title='bbox 447 581 518 632; x_wconf 88' lang='lat' dir='ltr'><strong>sit,</strong></span> <span class='ocrx_word' id='word_1_56' title='bbox 557 579 605 618; x_wconf 88' lang='lat' dir='ltr'><strong>de</strong></span> <span class='ocrx_word' id='word_1_57' title='bbox 643 580 808 619; x_wconf 87' lang='lat' dir='ltr'><strong>comitiis</strong></span> <span class='ocrx_word' id='word_1_58' title='bbox 848 580 1027 632; x_wconf 78' lang='lat' dir='ltr'><strong>curiatis,</strong></span> <span class='ocrx_word' id='word_1_59' title='bbox 1067 594 1152 634; x_wconf 86' lang='lat' dir='ltr'><strong>quae</strong></span> <span class='ocrx_word' id='word_1_60' title='bbox 1188 579 1259 619; x_wconf 84' lang='lat' dir='ltr'><strong>has</strong></span> <span class='ocrx_word' id='word_1_61' title='bbox 1288 581 1509 632; x_wconf 79' lang='lat' dir='ltr'><strong>rogationes</strong></span> <span class='ocrx_word' id='word_1_62' title='bbox 1537 580 1706 634; x_wconf 82' lang='lat' dir='ltr'><strong>perlatas</strong></span> 
     </span>
     <span class='ocr_line' id='line_1_8' title="bbox 103 641 1706 696; baseline 0 -14"><span class='ocrx_word' id='word_1_63' title='bbox 103 642 466 696; x_wconf 71' lang='lat' dir='ltr'><strong>comprobaverint,</strong></span> <span class='ocrx_word' id='word_1_64' title='bbox 494 643 609 682; x_wconf 85' lang='lat' dir='ltr'><strong>etiam</strong></span> <span class='ocrx_word' id='word_1_65' title='bbox 630 641 705 680; x_wconf 91' lang='lat' dir='ltr'><strong>hoc</strong></span> <span class='ocrx_word' id='word_1_66' title='bbox 733 641 820 680; x_wconf 87' lang='lat' dir='ltr'><strong>loco</strong></span> <span class='ocrx_word' id='word_1_67' title='bbox 849 642 953 681; x_wconf 89' lang='lat' dir='ltr'><strong>nulla</strong></span> <span class='ocrx_word' id='word_1_68' title='bbox 974 649 1033 681; x_wconf 87' lang='lat' dir='ltr'><strong>est</strong></span> <span class='ocrx_word' id='word_1_69' title='bbox 1050 645 1193 682; x_wconf 88' lang='lat' dir='ltr'><strong>mentio</strong></span> <span class='ocrx_word' id='word_1_70' title='bbox 1213 643 1327 682; x_wconf 83' lang='lat' dir='ltr'><strong>facta.</strong></span> <span class='ocrx_word' id='word_1_71' title='bbox 1382 644 1424 682; x_wconf 88' lang='lat' dir='ltr'><strong>Si</strong></span> <span class='ocrx_word' id='word_1_72' title='bbox 1441 658 1535 682; x_wconf 85' lang='lat' dir='ltr'><strong>vero</strong></span> <span class='ocrx_word' id='word_1_73' title='bbox 1550 651 1706 683; x_wconf 87' lang='lat' dir='ltr'><strong>senatus</strong></span> 
     </span>
     <span class='ocr_line' id='line_1_9' title="bbox 104 704 1707 758; baseline 0.001 -14"><span class='ocrx_word' id='word_1_74' title='bbox 104 712 145 745; x_wconf 93' lang='lat' dir='ltr'><strong>et</strong></span> <span class='ocrx_word' id='word_1_75' title='bbox 171 707 366 745; x_wconf 85' lang='lat' dir='ltr'><strong>curiarum</strong></span> <span class='ocrx_word' id='word_1_76' title='bbox 404 707 486 758; x_wconf 86' lang='lat' dir='ltr'><strong>ius,</strong></span> <span class='ocrx_word' id='word_1_77' title='bbox 523 713 565 744; x_wconf 92' lang='lat' dir='ltr'><strong>ut</strong></span> <span class='ocrx_word' id='word_1_78' title='bbox 600 704 807 758; x_wconf 89' lang='lat' dir='ltr'><strong>plebiscita</strong></span> <span class='ocrx_word' id='word_1_79' title='bbox 842 712 925 744; x_wconf 85' lang='lat' dir='ltr'><strong>rata</strong></span> <span class='ocrx_word' id='word_1_80' title='bbox 952 705 1139 757; x_wconf 78' lang='lat' dir='ltr'><strong>facerent,</strong></span> <span class='ocrx_word' id='word_1_81' title='bbox 1169 705 1320 758; x_wconf 79' lang='lat' dir='ltr'><strong>fuisset,</strong></span> <span class='ocrx_word' id='word_1_82' title='bbox 1358 721 1449 745; x_wconf 87' lang='lat' dir='ltr'><strong>num</strong></span> <span class='ocrx_word' id='word_1_83' title='bbox 1476 706 1559 745; x_wconf 82' lang='lat' dir='ltr'><strong>haec</strong></span> <span class='ocrx_word' id='word_1_84' title='bbox 1584 705 1707 745; x_wconf 86' lang='lat' dir='ltr'><strong>verba</strong></span> 
     </span>
     <span class='ocr_line' id='line_1_10' title="bbox 102 768 1706 822; baseline 0.001 -15"><span class='ocrx_word' id='word_1_85' title='bbox 102 769 260 822; x_wconf 85' lang='lat' dir='ltr'><strong>Appius</strong></span> <span class='ocrx_word' id='word_1_86' title='bbox 300 769 479 820; x_wconf 76' lang='lat' dir='ltr'><strong>Crassus,</strong></span> <span class='ocrx_word' id='word_1_87' title='bbox 520 783 638 822; x_wconf 88' lang='lat' dir='ltr'><strong>quum</strong></span> <span class='ocrx_word' id='word_1_88' title='bbox 678 773 812 807; x_wconf 84' lang='lat' dir='ltr'><strong>contra</strong></span> <span class='ocrx_word' id='word_1_89' title='bbox 838 768 1039 807; x_wconf 74' lang='lat' dir='ltr'><strong>Licinium</strong></span> <span class='ocrx_word' id='word_1_90' title='bbox 1074 775 1113 807; x_wconf 89' lang='lat' dir='ltr'><strong>et</strong></span> <span class='ocrx_word' id='word_1_91' title='bbox 1148 769 1319 807; x_wconf 83' lang='lat' dir='ltr'><strong>Sextium</strong></span> <span class='ocrx_word' id='word_1_92' title='bbox 1363 770 1505 808; x_wconf 80' lang='lat' dir='ltr'><strong>acriter</strong></span> <span class='ocrx_word' id='word_1_93' title='bbox 1548 769 1706 821; x_wconf 89' lang='lat' dir='ltr'><strong>diceret,</strong></span> 
     </span>
     <span class='ocr_line' id='line_1_11' title="bbox 98 830 1708 886; baseline 0.001 -16"><span class='ocrx_word' id='word_1_94' title='bbox 98 830 237 871; x_wconf 77' lang='lat' dir='ltr'><strong>faeere</strong></span> <span class='ocrx_word' id='word_1_95' title='bbox 265 832 473 885; x_wconf 86' lang='lat' dir='ltr'><strong>potuisset:</strong></span> <span class='ocrx_word' id='word_1_96' title='bbox 501 834 621 883; x_wconf 79' lang='lat' dir='ltr'><strong>„Non</strong></span> <span class='ocrx_word' id='word_1_97' title='bbox 636 832 738 886; x_wconf 83' lang='lat' dir='ltr'><strong>leges</strong></span> <span class='ocrx_word' id='word_1_98' title='bbox 755 832 955 886; x_wconf 83' lang='lat' dir='ltr'><strong>auspicato</strong></span> <span class='ocrx_word' id='word_1_99' title='bbox 975 831 1178 882; x_wconf 69' lang='lat' dir='ltr'><strong>ferantur,</strong></span> <span class='ocrx_word' id='word_1_100' title='bbox 1201 844 1280 870; x_wconf 89' lang='lat' dir='ltr'><strong>non</strong></span> <span class='ocrx_word' id='word_1_101' title='bbox 1298 832 1551 886; x_wconf 78' lang='lat' dir='ltr'><strong>magistratus</strong></span> <span class='ocrx_word' id='word_1_102' title='bbox 1572 847 1708 872; x_wconf 86' lang='lat' dir='ltr'><strong>creen-</strong></span> 
     </span>
     <span class='ocr_line' id='line_1_12' title="bbox 104 894 1707 947; baseline 0.002 -16"><span class='ocrx_word' id='word_1_103' title='bbox 104 902 184 941; x_wconf 88' lang='lat' dir='ltr'><strong>tur,</strong></span> <span class='ocrx_word' id='word_1_104' title='bbox 212 909 297 933; x_wconf 87' lang='lat' dir='ltr'><strong>nec</strong></span> <span class='ocrx_word' id='word_1_105' title='bbox 323 895 655 942; x_wconf 86' lang='lat' dir='ltr'><strong>centuriatis,</strong></span> <span class='ocrx_word' id='word_1_106' title='bbox 683 909 773 934; x_wconf 83' lang='lat' dir='ltr'><strong>nec</strong></span> <span class='ocrx_word' id='word_1_107' title='bbox 799 895 1023 933; x_wconf 79' lang='lat' dir='ltr'><strong>curiatis</strong></span> <span class='ocrx_word' id='word_1_108' title='bbox 1061 894 1284 933; x_wconf 82' lang='lat' dir='ltr'><strong>comitiis</strong></span> <span class='ocrx_word' id='word_1_109' title='bbox 1313 905 1491 947; x_wconf 82' lang='lat' dir='ltr'><strong>patres</strong></span> <span class='ocrx_word' id='word_1_110' title='bbox 1528 905 1707 934; x_wconf 83' lang='lat' dir='ltr'><strong>aucto-</strong></span> 
     </span>
     <span class='ocr_line' id='line_1_13' title="bbox 106 954 1705 1011; baseline -0.001 -15"><span class='ocrx_word' id='word_1_111' title='bbox 106 971 182 997; x_wconf 85' lang='lat' dir='ltr'><strong>res</strong></span> <span class='ocrx_word' id='word_1_112' title='bbox 200 956 404 1010; x_wconf 60' lang='lat' dir='ltr'><strong>fiantwe</strong></span> <span class='ocrx_word' id='word_1_113' title='bbox 431 957 675 1000; x_wconf 77' lang='lat' dir='ltr'><strong>Liv.vl,41.</strong></span> <span class='ocrx_word' id='word_1_114' title='bbox 703 955 855 1006; x_wconf 82' lang='lat' dir='ltr'><strong>Quibus</strong></span> <span class='ocrx_word' id='word_1_115' title='bbox 875 971 921 997; x_wconf 81' lang='lat' dir='ltr'><strong>ex</strong></span> <span class='ocrx_word' id='word_1_116' title='bbox 946 955 1080 997; x_wconf 82' lang='lat' dir='ltr'><strong>verbis</strong></span> <span class='ocrx_word' id='word_1_117' title='bbox 1098 969 1225 995; x_wconf 89' lang='lat' dir='ltr'><strong>nonne</strong></span> <span class='ocrx_word' id='word_1_118' title='bbox 1248 954 1342 995; x_wconf 87' lang='lat' dir='ltr'><strong>satis</strong></span> <span class='ocrx_word' id='word_1_119' title='bbox 1370 963 1429 996; x_wconf 89' lang='lat' dir='ltr'><strong>est</strong></span> <span class='ocrx_word' id='word_1_120' title='bbox 1443 957 1705 1011; x_wconf 87' lang='lat' dir='ltr'><strong>perspicuum,</strong></span> 
     </span>
     <span class='ocr_line' id='line_1_14' title="bbox 104 1019 1708 1073; baseline 0.001 -15"><span class='ocrx_word' id='word_1_121' title='bbox 104 1019 320 1059; x_wconf 85' lang='lat' dir='ltr'><strong>tributis</strong></span> <span class='ocrx_word' id='word_1_122' title='bbox 370 1021 585 1060; x_wconf 87' lang='lat' dir='ltr'><strong>comitiis</strong></span> <span class='ocrx_word' id='word_1_123' title='bbox 629 1027 782 1073; x_wconf 84' lang='lat' dir='ltr'><strong>patrum</strong></span> <span class='ocrx_word' id='word_1_124' title='bbox 822 1036 901 1060; x_wconf 89' lang='lat' dir='ltr'><strong>non</strong></span> <span class='ocrx_word' id='word_1_125' title='bbox 943 1021 1090 1073; x_wconf 87' lang='lat' dir='ltr'><strong>fuisse,</strong></span> <span class='ocrx_word' id='word_1_126' title='bbox 1125 1021 1211 1059; x_wconf 84' lang='lat' dir='ltr'><strong>{ieri</strong></span> <span class='ocrx_word' id='word_1_127' title='bbox 1249 1026 1493 1063; x_wconf 79' lang='lat' dir='ltr'><strong>auctores.</strong></span> <span class='ocrx_word' id='word_1_128' title='bbox 1553 1021 1708 1060; x_wconf 88' lang='lat' dir='ltr'><strong>Etenim</strong></span> 
     </span>
     <span class='ocr_line' id='line_1_15' title="bbox 106 1081 1708 1138; baseline -0.001 -17"><span class='ocrx_word' id='word_1_129' title='bbox 106 1082 317 1131; x_wconf 80' lang='lat' dir='ltr'><strong>Hoeckius,</strong></span> <span class='ocrx_word' id='word_1_130' title='bbox 331 1084 364 1133; x_wconf 86' lang='lat'><strong>²)</strong></span> <span class='ocrx_word' id='word_1_131' title='bbox 394 1098 512 1137; x_wconf 87' lang='lat' dir='ltr'><strong>quum</strong></span> <span class='ocrx_word' id='word_1_132' title='bbox 542 1097 588 1122; x_wconf 79' lang='lat' dir='ltr'><strong>ex</strong></span> <span class='ocrx_word' id='word_1_133' title='bbox 616 1081 678 1122; x_wconf 86' lang='lat' dir='ltr'><strong>his</strong></span> <span class='ocrx_word' id='word_1_134' title='bbox 705 1083 809 1122; x_wconf 86' lang='lat' dir='ltr'><strong>Livii</strong></span> <span class='ocrx_word' id='word_1_135' title='bbox 836 1083 987 1123; x_wconf 83' lang='lat' dir='ltr'><strong>verbis:</strong></span> <span class='ocrx_word' id='word_1_136' title='bbox 1031 1083 1154 1137; x_wconf 85' lang='lat' dir='ltr'><strong>„quia</strong></span> <span class='ocrx_word' id='word_1_137' title='bbox 1178 1083 1344 1138; x_wconf 85' lang='lat' dir='ltr'><strong>patricii</strong></span> <span class='ocrx_word' id='word_1_138' title='bbox 1371 1097 1412 1123; x_wconf 85' lang='lat' dir='ltr'><strong>se</strong></span> <span class='ocrx_word' id='word_1_139' title='bbox 1438 1092 1611 1122; x_wconf 82' lang='lat' dir='ltr'><strong>auctores</strong></span> <span class='ocrx_word' id='word_1_140' title='bbox 1628 1083 1708 1133; x_wconf 86' lang='lat' dir='ltr'><strong>fu-</strong></span> 
     </span>
     <span class='ocr_line' id='line_1_16' title="bbox 104 1146 1710 1203; baseline 0 -19"><span class='ocrx_word' id='word_1_141' title='bbox 104 1156 211 1185; x_wconf 83' lang='lat' dir='ltr'><strong>turos</strong></span> <span class='ocrx_word' id='word_1_142' title='bbox 238 1146 454 1200; x_wconf 76' lang='lat' dir='ltr'><strong>negabant,</strong></span> <span class='ocrx_word' id='word_1_143' title='bbox 477 1162 602 1202; x_wconf 81' lang='lat' dir='ltr'><strong>prope</strong></span> <span class='ocrx_word' id='word_1_144' title='bbox 627 1148 873 1187; x_wconf 83' lang='lat' dir='ltr'><strong>secessionem</strong></span> <span class='ocrx_word' id='word_1_145' title='bbox 893 1148 1018 1203; x_wconf 85' lang='lat' dir='ltr'><strong>plebis</strong></span> <span class='ocrx_word' id='word_1_146' title='bbox 1044 1162 1105 1188; x_wconf 88' lang='lat' dir='ltr'><strong>res</strong></span> <span class='ocrx_word' id='word_1_147' title='bbox 1136 1147 1264 1187; x_wconf 79' lang='lat' dir='ltr'><strong>venit“</strong></span> <span class='ocrx_word' id='word_1_148' title='bbox 1292 1147 1396 1195; x_wconf 86' lang='lat' dir='ltr'><strong>(Liv.</strong></span> <span class='ocrx_word' id='word_1_149' title='bbox 1423 1146 1494 1185; x_wconf 86' lang='lat' dir='ltr'><strong>vl.</strong></span> <span class='ocrx_word' id='word_1_150' title='bbox 1520 1147 1592 1196; x_wconf 74' lang='lat'>49.)</span> <span class='ocrx_word' id='word_1_151' title='bbox 1619 1151 1710 1200; x_wconf 74' lang='lat' dir='ltr'><strong>post</strong></span> 
     </span>
     <span class='ocr_line' id='line_1_17' title="bbox 104 1207 1708 1268; baseline 0 -21"><span class='ocrx_word' id='word_1_152' title='bbox 104 1207 232 1260; x_wconf 82' lang='lat' dir='ltr'><strong>legem</strong></span> <span class='ocrx_word' id='word_1_153' title='bbox 261 1209 460 1248; x_wconf 78' lang='lat' dir='ltr'><strong>Valeriam</strong></span> <span class='ocrx_word' id='word_1_154' title='bbox 487 1211 689 1248; x_wconf 86' lang='lat' dir='ltr'><strong>Horatiam</strong></span> <span class='ocrx_word' id='word_1_155' title='bbox 717 1212 912 1250; x_wconf 89' lang='lat' dir='ltr'><strong>curiarum</strong></span> <span class='ocrx_word' id='word_1_156' title='bbox 939 1211 1061 1250; x_wconf 79' lang='lat' dir='ltr'><strong>fuisse</strong></span> <span class='ocrx_word' id='word_1_157' title='bbox 1088 1210 1292 1264; x_wconf 87' lang='lat' dir='ltr'><strong>plebiscita</strong></span> <span class='ocrx_word' id='word_1_158' title='bbox 1319 1218 1403 1248; x_wconf 89' lang='lat' dir='ltr'><strong>rata</strong></span> <span class='ocrx_word' id='word_1_159' title='bbox 1432 1215 1498 1248; x_wconf 89' lang='lat' dir='ltr'><strong>aut</strong></span> <span class='ocrx_word' id='word_1_160' title='bbox 1517 1223 1596 1268; x_wconf 60' lang='grc' dir='ltr'><strong>ηομ</strong></span> <span class='ocrx_word' id='word_1_161' title='bbox 1624 1215 1708 1266; x_wconf 70' lang='lat' dir='ltr'><strong>rata</strong></span> 
     </span>
     <span class='ocr_line' id='line_1_18' title="bbox 106 1270 1708 1323; baseline 0 -14"><span class='ocrx_word' id='word_1_162' title='bbox 106 1270 255 1310; x_wconf 82' lang='lat' dir='ltr'><strong>habere</strong></span> <span class='ocrx_word' id='word_1_163' title='bbox 282 1272 530 1323; x_wconf 80' lang='lat' dir='ltr'><strong>intelligeret,</strong></span> <span class='ocrx_word' id='word_1_164' title='bbox 559 1272 808 1313; x_wconf 83' lang='lat' dir='ltr'><strong>vehementer</strong></span> <span class='ocrx_word' id='word_1_165' title='bbox 837 1275 992 1315; x_wconf 80' lang='lat' dir='ltr'><strong>erravit.</strong></span> <span class='ocrx_word' id='word_1_166' title='bbox 1047 1275 1147 1312; x_wconf 78' lang='lat' dir='ltr'><strong>Nam</strong></span> <span class='ocrx_word' id='word_1_167' title='bbox 1175 1274 1330 1312; x_wconf 81' lang='lat' dir='ltr'><strong>comitia</strong></span> <span class='ocrx_word' id='word_1_168' title='bbox 1358 1271 1558 1320; x_wconf 85' lang='lat' dir='ltr'><strong>consulum</strong></span> <span class='ocrx_word' id='word_1_169' title='bbox 1595 1277 1708 1316; x_wconf 83' lang='lat' dir='ltr'><strong>(cen-</strong></span> 
     </span>
     <span class='ocr_line' id='line_1_19' title="bbox 107 1332 1709 1389; baseline -0.001 -16"><span class='ocrx_word' id='word_1_170' title='bbox 107 1335 269 1384; x_wconf 83' lang='lat' dir='ltr'><strong>turiata)</strong></span> <span class='ocrx_word' id='word_1_171' title='bbox 301 1334 466 1374; x_wconf 88' lang='lat' dir='ltr'><strong>adversa</strong></span> <span class='ocrx_word' id='word_1_172' title='bbox 508 1334 711 1375; x_wconf 86' lang='lat' dir='ltr'><strong>nobilitate</strong></span> <span class='ocrx_word' id='word_1_173' title='bbox 745 1335 880 1376; x_wconf 86' lang='lat' dir='ltr'><strong>habita</strong></span> <span class='ocrx_word' id='word_1_174' title='bbox 918 1342 1028 1387; x_wconf 90' lang='lat' dir='ltr'><strong>sunt,</strong></span> <span class='ocrx_word' id='word_1_175' title='bbox 1070 1334 1211 1389; x_wconf 88' lang='lat' dir='ltr'><strong>quibus</strong></span> <span class='ocrx_word' id='word_1_176' title='bbox 1242 1335 1288 1377; x_wconf 77' lang='lat' dir='ltr'><strong>L.</strong></span> <span class='ocrx_word' id='word_1_177' title='bbox 1316 1334 1469 1374; x_wconf 78' lang='lat' dir='ltr'><strong>Sextius</strong></span> <span class='ocrx_word' id='word_1_178' title='bbox 1509 1333 1558 1372; x_wconf 90' lang='lat' dir='ltr'><strong>de</strong></span> <span class='ocrx_word' id='word_1_179' title='bbox 1592 1332 1709 1386; x_wconf 84' lang='lat' dir='ltr'><strong>plebe</strong></span> 
     </span>
     <span class='ocr_line' id='line_1_20' title="bbox 106 1391 1709 1451; baseline -0.001 -16"><span class='ocrx_word' id='word_1_180' title='bbox 106 1398 256 1451; x_wconf 86' lang='lat' dir='ltr'><strong>primus</strong></span> <span class='ocrx_word' id='word_1_181' title='bbox 284 1397 420 1437; x_wconf 91' lang='lat' dir='ltr'><strong>consul</strong></span> <span class='ocrx_word' id='word_1_182' title='bbox 448 1397 575 1436; x_wconf 81' lang='lat' dir='ltr'><strong>factus</strong></span> <span class='ocrx_word' id='word_1_183' title='bbox 603 1404 674 1439; x_wconf 86' lang='lat' dir='ltr'><strong>est.</strong></span> <span class='ocrx_word' id='word_1_184' title='bbox 727 1399 788 1438; x_wconf 85' lang='lat' dir='ltr'><strong>De</strong></span> <span class='ocrx_word' id='word_1_185' title='bbox 817 1391 1041 1438; x_wconf 86' lang='lat' dir='ltr'><strong>centuriatis</strong></span> <span class='ocrx_word' id='word_1_186' title='bbox 1085 1399 1223 1450; x_wconf 84' lang='lat' dir='ltr'><strong>igitur,</strong></span> <span class='ocrx_word' id='word_1_187' title='bbox 1259 1411 1339 1436; x_wconf 92' lang='lat' dir='ltr'><strong>non</strong></span> <span class='ocrx_word' id='word_1_188' title='bbox 1378 1396 1427 1435; x_wconf 91' lang='lat' dir='ltr'><strong>de</strong></span> <span class='ocrx_word' id='word_1_189' title='bbox 1453 1396 1610 1435; x_wconf 79' lang='lat' dir='ltr'><strong>tribntIs</strong></span> <span class='ocrx_word' id='word_1_190' title='bbox 1639 1409 1709 1434; x_wconf 89' lang='lat' dir='ltr'><strong>co-</strong></span> 
     </span>
     <span class='ocr_line' id='line_1_21' title="bbox 106 1457 1708 1516; baseline -0.001 -18"><span class='ocrx_word' id='word_1_191' title='bbox 106 1461 227 1499; x_wconf 80' lang='lat' dir='ltr'><strong>mitiis</strong></span> <span class='ocrx_word' id='word_1_192' title='bbox 255 1460 332 1500; x_wconf 86' lang='lat' dir='ltr'><strong>hoc</strong></span> <span class='ocrx_word' id='word_1_193' title='bbox 359 1460 448 1500; x_wconf 86' lang='lat' dir='ltr'><strong>Ioco</strong></span> <span class='ocrx_word' id='word_1_194' title='bbox 477 1475 604 1500; x_wconf 86' lang='lat' dir='ltr'><strong>sermo</strong></span> <span class='ocrx_word' id='word_1_195' title='bbox 633 1467 701 1503; x_wconf 83' lang='lat' dir='ltr'><strong>est.</strong></span> <span class='ocrx_word' id='word_1_196' title='bbox 758 1463 852 1510; x_wconf 79' lang='lat' dir='ltr'><strong>Quae</strong></span> <span class='ocrx_word' id='word_1_197' title='bbox 880 1461 941 1501; x_wconf 86' lang='lat' dir='ltr'><strong>his</strong></span> <span class='ocrx_word' id='word_1_198' title='bbox 968 1462 1080 1514; x_wconf 88' lang='lat' dir='ltr'><strong>locis,</strong></span> <span class='ocrx_word' id='word_1_199' title='bbox 1118 1476 1216 1516; x_wconf 90' lang='lat' dir='ltr'><strong>quos</strong></span> <span class='ocrx_word' id='word_1_200' title='bbox 1243 1460 1454 1512; x_wconf 84' lang='lat' dir='ltr'><strong>nominavi,</strong></span> <span class='ocrx_word' id='word_1_201' title='bbox 1482 1473 1504 1498; x_wconf 85' lang='lat' dir='ltr'><strong>a</strong></span> <span class='ocrx_word' id='word_1_202' title='bbox 1532 1457 1708 1513; x_wconf 86' lang='lat' dir='ltr'><strong>patribus</strong></span> 
     </span>
     <span class='ocr_line' id='line_1_22' title="bbox 106 1522 1709 1577; baseline -0.001 -15"><span class='ocrx_word' id='word_1_203' title='bbox 106 1537 256 1562; x_wconf 84' lang='lat' dir='ltr'><strong>summa</strong></span> <span class='ocrx_word' id='word_1_204' title='bbox 284 1524 325 1562; x_wconf 85' lang='lat' dir='ltr'><strong>vi</strong></span> <span class='ocrx_word' id='word_1_205' title='bbox 354 1530 489 1563; x_wconf 88' lang='lat' dir='ltr'><strong>contra</strong></span> <span class='ocrx_word' id='word_1_206' title='bbox 519 1523 750 1563; x_wconf 86' lang='lat' dir='ltr'><strong>tribunicias</strong></span> <span class='ocrx_word' id='word_1_207' title='bbox 775 1526 998 1577; x_wconf 83' lang='lat' dir='ltr'><strong>rogationes</strong></span> <span class='ocrx_word' id='word_1_208' title='bbox 1016 1532 1100 1564; x_wconf 85' lang='lat' dir='ltr'><strong>acta</strong></span> <span class='ocrx_word' id='word_1_209' title='bbox 1112 1524 1300 1576; x_wconf 87' lang='lat' dir='ltr'><strong>videmus,</strong></span> <span class='ocrx_word' id='word_1_210' title='bbox 1329 1523 1462 1563; x_wconf 87' lang='lat' dir='ltr'><strong>eadem</strong></span> <span class='ocrx_word' id='word_1_211' title='bbox 1479 1522 1562 1562; x_wconf 84' lang='lat' dir='ltr'><strong>fere</strong></span> <span class='ocrx_word' id='word_1_212' title='bbox 1575 1527 1709 1561; x_wconf 84' lang='lat' dir='ltr'><strong>contra</strong></span> 
     </span>
     <span class='ocr_line' id='line_1_23' title="bbox 112 1586 1708 1631; baseline 0.001 -6"><span class='ocrx_word' id='word_1_213' title='bbox 112 1586 212 1625; x_wconf 78' lang='lat' dir='ltr'><strong>alias</strong></span> <span class='ocrx_word' id='word_1_214' title='bbox 241 1586 318 1626; x_wconf 84' lang='lat' dir='ltr'><strong>tela</strong></span> <span class='ocrx_word' id='word_1_215' title='bbox 347 1587 611 1630; x_wconf 85' lang='lat' dir='ltr'><strong>intenduntur.</strong></span> <span class='ocrx_word' id='word_1_216' title='bbox 646 1588 731 1627; x_wconf 84' lang='lat' dir='ltr'><strong>Liv.</strong></span> <span class='ocrx_word' id='word_1_217' title='bbox 768 1590 836 1629; x_wconf 87' lang='lat' dir='ltr'><strong>lv.</strong></span> <span class='ocrx_word' id='word_1_218' title='bbox 863 1592 929 1631; x_wconf 73' lang='lat'><strong>48.</strong></span> <span class='ocrx_word' id='word_1_219' title='bbox 955 1590 1003 1628; x_wconf 86' lang='lat' dir='ltr'><strong>V.</strong></span> <span class='ocrx_word' id='word_1_220' title='bbox 1031 1592 1085 1628; x_wconf 75' lang='lat'><strong>24</strong></span> <span class='ocrx_word' id='word_1_221' title='bbox 1112 1614 1161 1620; x_wconf 93' lang='grc'>-</span> <span class='ocrx_word' id='word_1_222' title='bbox 1190 1593 1256 1629; x_wconf 75' lang='lat'><strong>25.</strong></span> <span class='ocrx_word' id='word_1_223' title='bbox 1284 1592 1350 1629; x_wconf 76' lang='lat'><strong>29.</strong></span> <span class='ocrx_word' id='word_1_224' title='bbox 1377 1592 1440 1630; x_wconf 76' lang='lat'><strong>50,</strong></span> <span class='ocrx_word' id='word_1_225' title='bbox 1496 1587 1597 1626; x_wconf 92' lang='lat' dir='ltr'><strong>Sane</strong></span> <span class='ocrx_word' id='word_1_226' title='bbox 1624 1600 1708 1626; x_wconf 90' lang='lat' dir='ltr'><strong>me-</strong></span> 
     </span>
     <span class='ocr_line' id='line_1_24' title="bbox 104 1649 1709 1705; baseline -0.001 -17"><span class='ocrx_word' id='word_1_227' title='bbox 104 1649 314 1690; x_wconf 81' lang='lat' dir='ltr'><strong>morabilia</strong></span> <span class='ocrx_word' id='word_1_228' title='bbox 341 1656 431 1688; x_wconf 89' lang='lat' dir='ltr'><strong>sunt</strong></span> <span class='ocrx_word' id='word_1_229' title='bbox 457 1650 553 1701; x_wconf 85' lang='lat' dir='ltr'><strong>haec,</strong></span> <span class='ocrx_word' id='word_1_230' title='bbox 574 1665 659 1704; x_wconf 82' lang='lat' dir='ltr'><strong>quae</strong></span> <span class='ocrx_word' id='word_1_231' title='bbox 688 1650 775 1691; x_wconf 92' lang='lat' dir='ltr'><strong>loco</strong></span> <span class='ocrx_word' id='word_1_232' title='bbox 801 1653 976 1705; x_wconf 86' lang='lat' dir='ltr'><strong>proximo</strong></span> <span class='ocrx_word' id='word_1_233' title='bbox 1015 1651 1120 1705; x_wconf 85' lang='lat' dir='ltr'><strong>apud</strong></span> <span class='ocrx_word' id='word_1_234' title='bbox 1147 1652 1302 1690; x_wconf 91' lang='lat' dir='ltr'><strong>Livium</strong></span> <span class='ocrx_word' id='word_1_235' title='bbox 1327 1650 1524 1702; x_wconf 81' lang='lat' dir='ltr'><strong>leguntur:</strong></span> <span class='ocrx_word' id='word_1_236' title='bbox 1552 1652 1709 1702; x_wconf 79' lang='lat' dir='ltr'><strong>„Quum</strong></span> 
     </span>
     <span class='ocr_line' id='line_1_25' title="bbox 98 1711 1709 1769; baseline -0.001 -18"><span class='ocrx_word' id='word_1_237' title='bbox 98 1712 277 1764; x_wconf 83' lang='lat' dir='ltr'><strong>ferretur</strong></span> <span class='ocrx_word' id='word_1_238' title='bbox 304 1713 368 1751; x_wconf 77' lang='lat' dir='ltr'><strong>Iex</strong></span> <span class='ocrx_word' id='word_1_239' title='bbox 388 1713 703 1766; x_wconf 76' lang='lat' dir='ltr'><strong>transmigrandi</strong></span> <span class='ocrx_word' id='word_1_240' title='bbox 720 1715 848 1762; x_wconf 80' lang='lat' dir='ltr'><strong>Veios,</strong></span> <span class='ocrx_word' id='word_1_241' title='bbox 863 1724 1015 1769; x_wconf 74' lang='lat' dir='ltr'><strong>patres,</strong></span> <span class='ocrx_word' id='word_1_242' title='bbox 1040 1728 1148 1754; x_wconf 83' lang='lat' dir='ltr'><strong>senes</strong></span> <span class='ocrx_word' id='word_1_243' title='bbox 1175 1714 1401 1766; x_wconf 81' lang='lat' dir='ltr'><strong>iuvenesque</strong></span> <span class='ocrx_word' id='word_1_244' title='bbox 1415 1713 1573 1766; x_wconf 78' lang='lat' dir='ltr'><strong>agmine</strong></span> <span class='ocrx_word' id='word_1_245' title='bbox 1591 1711 1709 1761; x_wconf 81' lang='lat' dir='ltr'><strong>facto</strong></span> 
     </span>
     <span class='ocr_line' id='line_1_26' title="bbox 106 1774 1729 1832; baseline -0.001 -19"><span class='ocrx_word' id='word_1_246' title='bbox 106 1775 148 1813; x_wconf 86' lang='lat' dir='ltr'><strong>in</strong></span> <span class='ocrx_word' id='word_1_247' title='bbox 171 1774 306 1825; x_wconf 72' lang='lat' dir='ltr'><strong>forum</strong></span> <span class='ocrx_word' id='word_1_248' title='bbox 336 1784 521 1815; x_wconf 79' lang='lat' dir='ltr'><strong>venerunt</strong></span> <span class='ocrx_word' id='word_1_249' title='bbox 531 1790 547 1823; x_wconf 89' lang='lat'><strong>‚·</strong></span> <span class='ocrx_word' id='word_1_250' title='bbox 575 1774 754 1831; x_wconf 83' lang='lat' dir='ltr'><strong>dissipati</strong></span> <span class='ocrx_word' id='word_1_251' title='bbox 774 1792 847 1832; x_wconf 87' lang='lat' dir='ltr'><strong>per</strong></span> <span class='ocrx_word' id='word_1_252' title='bbox 873 1777 992 1817; x_wconf 84' lang='lat' dir='ltr'><strong>tribus</strong></span> <span class='ocrx_word' id='word_1_253' title='bbox 1018 1791 1105 1817; x_wconf 86' lang='lat' dir='ltr'><strong>suos</strong></span> <span class='ocrx_word' id='word_1_254' title='bbox 1132 1777 1287 1830; x_wconf 84' lang='lat' dir='ltr'><strong>quisque</strong></span> <span class='ocrx_word' id='word_1_255' title='bbox 1308 1774 1462 1814; x_wconf 79' lang='lat' dir='ltr'><strong>tribules</strong></span> <span class='ocrx_word' id='word_1_256' title='bbox 1478 1782 1729 1829; x_wconf 64' lang='lat' dir='ltr'><strong>prensantes&gt;</strong></span> 
     </span>
     <span class='ocr_line' id='line_1_27' title="bbox 105 1836 1710 1894; baseline -0.002 -16"><span class='ocrx_word' id='word_1_257' title='bbox 105 1853 221 1878; x_wconf 85' lang='lat' dir='ltr'><strong>orare</strong></span> <span class='ocrx_word' id='word_1_258' title='bbox 256 1853 342 1878; x_wconf 87' lang='lat' dir='ltr'><strong>cum</strong></span> <span class='ocrx_word' id='word_1_259' title='bbox 384 1838 555 1878; x_wconf 81' lang='lat' dir='ltr'><strong>lacrimis</strong></span> <span class='ocrx_word' id='word_1_260' title='bbox 594 1853 759 1894; x_wconf 87' lang='lat' dir='ltr'><strong>coepere.</strong></span> <span class='ocrx_word' id='word_1_261' title='bbox 814 1840 918 1894; x_wconf 80' lang='lat' dir='ltr'><strong>Quia</strong></span> <span class='ocrx_word' id='word_1_262' title='bbox 956 1855 1035 1881; x_wconf 87' lang='lat' dir='ltr'><strong>non</strong></span> <span class='ocrx_word' id='word_1_263' title='bbox 1073 1840 1115 1879; x_wconf 85' lang='lat' dir='ltr'><strong>vi</strong></span> <span class='ocrx_word' id='word_1_264' title='bbox 1139 1839 1326 1893; x_wconf 80' lang='lat' dir='ltr'><strong>agebant,</strong></span> <span class='ocrx_word' id='word_1_265' title='bbox 1361 1837 1431 1877; x_wconf 86' lang='lat' dir='ltr'><strong>sed</strong></span> <span class='ocrx_word' id='word_1_266' title='bbox 1462 1836 1637 1892; x_wconf 80' lang='lat' dir='ltr'><strong>precibus</strong></span> <span class='ocrx_word' id='word_1_267' title='bbox 1672 1845 1710 1876; x_wconf 85' lang='lat' dir='ltr'><strong>et</strong></span> 
     </span>
     <span class='ocr_line' id='line_1_28' title="bbox 106 1898 1710 1957; baseline -0.001 -17"><span class='ocrx_word' id='word_1_268' title='bbox 106 1902 208 1941; x_wconf 88' lang='lat' dir='ltr'><strong>inter</strong></span> <span class='ocrx_word' id='word_1_269' title='bbox 230 1916 365 1956; x_wconf 86' lang='lat' dir='ltr'><strong>preces</strong></span> <span class='ocrx_word' id='word_1_270' title='bbox 391 1902 515 1941; x_wconf 83' lang='lat' dir='ltr'><strong>multa</strong></span> <span class='ocrx_word' id='word_1_271' title='bbox 544 1901 702 1942; x_wconf 86' lang='lat' dir='ltr'><strong>deorum</strong></span> <span class='ocrx_word' id='word_1_272' title='bbox 729 1904 871 1952; x_wconf 76' lang='lat' dir='ltr'><strong>mentio</strong></span> <span class='ocrx_word' id='word_1_273' title='bbox 898 1914 1004 1943; x_wconf 76' lang='lat' dir='ltr'><strong>erat.-</strong></span> <span class='ocrx_word' id='word_1_274' title='bbox 1030 1904 1249 1957; x_wconf 74' lang='lat' dir='ltr'><strong>religiosum</strong></span> <span class='ocrx_word' id='word_1_275' title='bbox 1272 1901 1385 1957; x_wconf 83' lang='lat' dir='ltr'><strong>parti</strong></span> <span class='ocrx_word' id='word_1_276' title='bbox 1409 1901 1608 1940; x_wconf 76' lang='lat' dir='ltr'><strong>maximae</strong></span> <span class='ocrx_word' id='word_1_277' title='bbox 1627 1898 1710 1952; x_wconf 64' lang='lat' dir='ltr'><strong>fuit</strong></span> 
     </span>
     <span class='ocr_line' id='line_1_29' title="bbox 106 1962 1709 2021; baseline -0.003 -16"><span class='ocrx_word' id='word_1_278' title='bbox 106 1974 144 2005; x_wconf 88' lang='lat' dir='ltr'><strong>et</strong></span> <span class='ocrx_word' id='word_1_279' title='bbox 170 1965 292 2019; x_wconf 80' lang='lat' dir='ltr'><strong>Iegem</strong></span> <span class='ocrx_word' id='word_1_280' title='bbox 319 1980 401 2004; x_wconf 87' lang='lat' dir='ltr'><strong>una</strong></span> <span class='ocrx_word' id='word_1_281' title='bbox 421 1965 558 2020; x_wconf 82' lang='lat' dir='ltr'><strong>plures</strong></span> <span class='ocrx_word' id='word_1_282' title='bbox 584 1964 705 2004; x_wconf 81' lang='lat' dir='ltr'><strong>tribus</strong></span> <span class='ocrx_word' id='word_1_283' title='bbox 732 1967 1007 2021; x_wconf 68' lang='lat' dir='ltr'><strong>antiquarunt,</strong></span> <span class='ocrx_word' id='word_1_284' title='bbox 1032 1981 1152 2021; x_wconf 84' lang='lat' dir='ltr'><strong>quam</strong></span> <span class='ocrx_word' id='word_1_285' title='bbox 1176 1964 1407 2005; x_wconf 76' lang='lat' dir='ltr'><strong>iusserunt.“</strong></span> <span class='ocrx_word' id='word_1_286' title='bbox 1461 1964 1542 2002; x_wconf 80' lang='lat' dir='ltr'><strong>lam</strong></span> <span class='ocrx_word' id='word_1_287' title='bbox 1570 1962 1709 2001; x_wconf 86' lang='lat' dir='ltr'><strong>ceteris</strong></span> 
     </span>
     <span class='ocr_line' id='line_1_30' title="bbox 106 2023 1709 2082; baseline -0.002 -16"><span class='ocrx_word' id='word_1_288' title='bbox 106 2029 378 2081; x_wconf 72' lang='lat' dir='ltr'><strong>praetermissis</strong></span> <span class='ocrx_word' id='word_1_289' title='bbox 408 2028 456 2066; x_wconf 73' lang='lat' dir='ltr'><strong>acl</strong></span> <span class='ocrx_word' id='word_1_290' title='bbox 485 2027 751 2067; x_wconf 84' lang='lat' dir='ltr'><strong>Gracchorum</strong></span> <span class='ocrx_word' id='word_1_291' title='bbox 777 2035 951 2082; x_wconf 79' lang='lat' dir='ltr'><strong>tempora</strong></span> <span class='ocrx_word' id='word_1_292' title='bbox 979 2029 1240 2069; x_wconf 83' lang='lat' dir='ltr'><strong>decurramus.</strong></span> <span class='ocrx_word' id='word_1_293' title='bbox 1296 2029 1382 2076; x_wconf 80' lang='lat' dir='ltr'><strong>Qua</strong></span> <span class='ocrx_word' id='word_1_294' title='bbox 1410 2025 1487 2064; x_wconf 79' lang='lat' dir='ltr'><strong>alia</strong></span> <span class='ocrx_word' id='word_1_295' title='bbox 1515 2039 1558 2064; x_wconf 87' lang='lat' dir='ltr'><strong>rc</strong></span> <span class='ocrx_word' id='word_1_296' title='bbox 1584 2023 1709 2077; x_wconf 76' lang='lat' dir='ltr'><strong>legem</strong></span> 
     </span>
     <span class='ocr_line' id='line_1_31' title="bbox 107 2087 1710 2145; baseline -0.002 -16"><span class='ocrx_word' id='word_1_297' title='bbox 107 2091 300 2143; x_wconf 83' lang='lat' dir='ltr'><strong>agrariam</strong></span> <span class='ocrx_word' id='word_1_298' title='bbox 322 2090 476 2131; x_wconf 87' lang='lat' dir='ltr'><strong>Tiberii</strong></span> <span class='ocrx_word' id='word_1_299' title='bbox 493 2089 662 2130; x_wconf 86' lang='lat' dir='ltr'><strong>Gracchi</strong></span> <span class='ocrx_word' id='word_1_300' title='bbox 676 2099 831 2132; x_wconf 87' lang='lat' dir='ltr'><strong>senatus</strong></span> <span class='ocrx_word' id='word_1_301' title='bbox 852 2093 963 2133; x_wconf 89' lang='lat' dir='ltr'><strong>initio</strong></span> <span class='ocrx_word' id='word_1_302' title='bbox 980 2093 1112 2145; x_wconf 82' lang='lat' dir='ltr'><strong>fregit,</strong></span> <span class='ocrx_word' id='word_1_303' title='bbox 1140 2092 1216 2130; x_wconf 89' lang='lat' dir='ltr'><strong>nisi</strong></span> <span class='ocrx_word' id='word_1_304' title='bbox 1234 2089 1514 2130; x_wconf 85' lang='lat' dir='ltr'><strong>intercessione</strong></span> <span class='ocrx_word' id='word_1_305' title='bbox 1527 2087 1710 2128; x_wconf 66' lang='lat' dir='ltr'><strong>Octavii?</strong></span> 
     </span>
    </p>
   </div>
   <div class='ocr_carea' id='block_1_3' title="bbox 106 2190 328 2194">
    <p class='ocr_par' dir='ltr' id='par_1_3' title="bbox 106 2190 328 2194">
     <span class='ocr_line' id='line_1_32' title="bbox 106 2190 328 2194; baseline 0 0"><span class='ocrx_word' id='word_1_306' title='bbox 106 2190 328 2194; x_wconf 95' lang='lat' dir='ltr'><strong> </strong></span> 
     </span>
    </p>
   </div>
   <div class='ocr_carea' id='block_1_4' title="bbox 215 2232 1616 2269">
    <p class='ocr_par' dir='ltr' id='par_1_4' title="bbox 215 2232 1616 2269">
     <span class='ocr_line' id='line_1_33' title="bbox 215 2232 1616 2269; baseline -0.003 -4"><span class='ocrx_word' id='word_1_307' title='bbox 215 2237 240 2269; x_wconf 84' lang='lat'><strong>²)</strong></span> <span class='ocrx_word' id='word_1_308' title='bbox 280 2238 438 2265; x_wconf 69' lang='lat' dir='ltr'><strong>niimische</strong></span> <span class='ocrx_word' id='word_1_309' title='bbox 461 2238 649 2266; x_wconf 71' lang='lat' dir='ltr'><strong>Geschichte.</strong></span> <span class='ocrx_word' id='word_1_310' title='bbox 675 2237 782 2265; x_wconf 82' lang='lat' dir='ltr'><strong>Erster</strong></span> <span class='ocrx_word' id='word_1_311' title='bbox 802 2237 853 2264; x_wconf 86' lang='lat' dir='ltr'><strong>Bd.</strong></span> <span class='ocrx_word' id='word_1_312' title='bbox 895 2235 985 2263; x_wconf 81' lang='lat' dir='ltr'><strong>Erste</strong></span> <span class='ocrx_word' id='word_1_313' title='bbox 1009 2235 1095 2262; x_wconf 65' lang='lat' dir='ltr'><strong>Abth.</strong></span> <span class='ocrx_word' id='word_1_314' title='bbox 1136 2233 1370 2269; x_wconf 74' lang='lat' dir='ltr'><strong>ernunschweig</strong></span> <span class='ocrx_word' id='word_1_315' title='bbox 1395 2234 1475 2261; x_wconf 76' lang='grc'><strong>1841.</strong></span> <span class='ocrx_word' id='word_1_316' title='bbox 1515 2235 1547 2261; x_wconf 81' lang='lat' dir='ltr'><strong>S.</strong></span> <span class='ocrx_word' id='word_1_317' title='bbox 1571 2232 1616 2261; x_wconf 88' lang='lat' dir='ltr'><strong>ll.</strong></span> 
     </span>
    </p>
   </div>
  </div>
 </body>
</html>
