1911 2442
936 104 986 139 u

159 235 339 276 tribunos
376 234 504 288 plebis
542 249 621 273 non
656 235 954 274 intercessisse?
1006 234 1260 274 Plebiscitum
1308 233 1455 273 nullum
1503 240 1561 273 est
1598 233 1754 277 factum.

161 300 268 351 Ergo
310 297 359 336 ad
398 313 493 349 rem,
532 312 647 351 quam
683 297 923 337 Niebuhrius
960 303 1041 337 erat
1067 297 1420 349 demonstraturus,
1455 296 1754 337 confirmandam

158 361 234 401 hoc
261 360 359 400 nihil
385 360 501 412 valet,
529 360 570 399 id
599 359 704 414 quod
733 367 771 400 et
797 362 881 413 ipse
899 361 1042 400 sentire
1060 359 1223 400 videtur.
1249 360 1302 398 At
1329 361 1404 398 iam
1423 361 1579 412 certius,
1607 366 1650 399 ut
1671 360 1758 413 ipse

160 424 315 478 quidem
344 424 540 476 opinatur,
568 424 696 462 attulit
723 423 991 463 documentum
1019 438 1065 463 ex
1093 424 1169 463 hoc
1196 424 1284 463 loco
1313 423 1415 461 Livii
1426 423 1516 463 Vll.
1547 427 1615 461 15:
1642 451 1688 474 „.
1714 453 1724 462 .
1744 453 1754 463 .

158 498 196 528 et
225 487 273 528 de
301 487 449 527 ambitu
477 486 529 527 ab
569 489 611 529 C.
639 488 807 528 Poetelio
845 487 995 528 tribuno
1027 487 1166 543 plebis,
1200 486 1415 527 auctoribus
1445 485 1639 542 patribus,
1675 495 1757 524 tam

155 553 327 607 primum
363 551 419 590 ad
450 552 637 605 populum
666 550 859 604 (plebem)
895 552 1016 590 lacum
1053 555 1158 590 est.“
1211 551 1269 590 Ex
1301 550 1451 589 duabus
1486 549 1548 588 his
1574 548 1756 588 vocibus:

163 614 492 664 „auctoribus
529 614 790 667 patribus“
822 613 1060 654 Niebuhrius
1088 614 1164 654 hoc
1182 629 1343 655 —sane
1370 614 1530 654 multum
1556 634 1611 643 —-
1637 613 1755 665 cogit,

159 685 317 717 senatus
355 677 572 716 consultum
607 692 693 717 esse
728 678 897 717 delatum
932 679 981 717 ad
1018 677 1160 730 tribus,
1199 685 1243 717 ut
1281 679 1430 717 ferrent
1467 683 1582 732 atque
1610 675 1755 715 confir-

159 746 318 780 marent.
375 740 489 788 Quod
514 741 548 778 si
576 755 709 780 verum
737 746 858 793 esset,
892 747 1021 780 tamen
1058 755 1303 795 nequaquam
1341 741 1511 791 doceret,
1548 739 1755 792 plebiscita

160 803 226 842 illa
255 809 378 842 aetate
408 809 497 855 post
524 802 648 854 legem
675 803 874 843 Valeriam
897 804 1098 843 Horatiam
1126 803 1243 842 latam
1270 818 1349 842 non
1376 809 1459 841 rata
1484 803 1606 841 fuisse
1632 815 1757 855 neque

160 865 346 920 populum
373 866 558 916 tenuisse,
589 867 666 905 nisi
694 873 823 919 patres
851 866 946 906 facti
973 873 1101 907 essent
1128 873 1316 910 auctores.
1373 866 1450 906 Sed
1477 864 1573 905 mihi
1601 863 1757 919 quidem

160 929 237 968 illis
267 928 418 968 duabus
445 928 609 968 vocibus
641 929 740 968 nihil
767 930 873 970 aliud
900 930 978 970 dici
1005 931 1173 983 videtur,
1202 932 1276 970 nisi
1309 930 1399 970 hoc:
1428 945 1451 969 a
1479 929 1655 983 patribus
1683 927 1757 966 tri-

160 992 307 1032 bunum
334 991 463 1046 plebis
490 1007 574 1032 esse
603 1000 832 1048 permotum,
861 1001 904 1035 ut
931 993 1032 1035 hanc
1059 995 1300 1047 rogationem
1336 994 1469 1036 ferret.
1524 991 1635 1033 Nihil
1662 1003 1757 1031 vero

159 1055 399 1096 Niebuhrius
427 1055 476 1094 ad
504 1058 726 1109 opinionem
753 1073 860 1097 suam
890 1055 1218 1111 comprobandam
1243 1058 1384 1109 attulit,
1406 1072 1526 1110 quum
1547 1057 1636 1109 hoc,
1652 1053 1758 1110 quod

160 1118 324 1160 eundem
352 1118 455 1172 apud
483 1119 636 1159 Livium
663 1121 704 1160 in
732 1122 858 1175 capite
885 1122 1103 1176 insequenti
1135 1121 1242 1172 (vn.
1259 1123 1329 1169 ¹6)
1357 1121 1544 1173 scriptum
1574 1126 1647 1173 est,
1669 1119 1757 1159 lau-

159 1183 241 1221 dat:
268 1183 420 1234 „Haud
445 1198 565 1236 aeque
591 1185 707 1223 laeta·
722 1185 901 1238 patribus
927 1185 976 1225 de
1001 1185 1177 1224 unciario
1195 1184 1358 1236 foenere
1393 1198 1420 1222 α
1448 1186 1501 1225 Μ.
1529 1184 1675 1232 Duilio,
1709 1186 1757 1224 L.

159 1247 317 1285 Maenio
344 1245 505 1285 tribunis
527 1245 650 1301 plebis
676 1247 829 1301 rogatio
855 1258 912 1288 cst
932 1248 1090 1304 perlata
1128 1255 1165 1287 et
1195 1246 1304 1302 plebs
1340 1247 1544 1302 aliquanto
1570 1259 1658 1286 eam
1684 1260 1759 1286 cu-

155 1309 287 1364 pidius
313 1310 425 1349 scivit
452 1309 715 1363 accepitque.“
769 1311 871 1359 Quid
899 1313 1000 1351 enim
1029 1326 1075 1351 ex
1102 1325 1178 1350 una
1205 1311 1271 1349 illa
1298 1325 1413 1350 voce:
1452 1310 1619 1362 „laeta“
1653 1310 1758 1349 effici

159 1373 317 1424 potest?
345 1378 449 1411 certe
476 1371 587 1423 nihil,
616 1372 722 1426 quod
750 1373 799 1411 ad
826 1389 908 1414 rem
935 1373 1271 1413 demonstrandam
1298 1373 1436 1415 valeat.
1463 1372 1541 1412 Sed
1569 1386 1758 1410 summum

159 1434 368 1475 Niebuhrii
397 1441 663 1487 argumentum
690 1435 882 1490 reliquum
911 1444 981 1479 est.
1035 1437 1135 1476 Nam
1173 1437 1383 1491 Dionysius
1426 1437 1514 1488 (XI.
1548 1439 1621 1484 45)
1658 1435 1757 1487 legis

159 1498 343 1537 Valeriae
377 1499 563 1537 Horatiae
600 1500 834 1539 mentionem
870 1501 964 1540 fecit
990 1500 1098 1539 hisce
1126 1499 1279 1539 verbis.-
1339 1509 1461 1553 ,χούς
1483 1507 1755 1554 ὑπὸτοῦδήμου

159 1562 333 1604 τεθέντας
358 1564 395 1599 ἐν
419 1568 498 1604 ταῖς
525 1566 737 1609 φυλετικαῖς
762 1565 968 1612 ἐκκλησίαις
994 1563 1124 1608 νόμους
1149 1564 1290 1599 ἅπασι
1322 1567 1470 1600 κεῖσθαι
1495 1562 1697 1609 ςΡωμαιίης
1721 1563 1757 1606 ἐξ

161 1623 254 1667 ἴσον,
280 1624 343 1668 τήν
366 1624 638 1668 ατῗτὴνέχοντας
660 1624 814 1669 δύναμιν
825 1632 904 1668 ταῖς
915 1627 954 1662 ἐν
964 1632 1042 1667 ταῖς
1053 1624 1231 1669 λοχίτισιν
1243 1625 1449 1670 ἐκκλησίαις
1461 1624 1757 1669 τεθησομένοις.“

160 1683 282 1737 Atqui
296 1681 415 1736 leges,
432 1698 533 1738 quae
552 1685 593 1724 in
609 1685 833 1725 centuriatis
850 1686 1015 1728 comitiis
1035 1685 1138 1725 latae
1153 1692 1277 1737 crant,
1296 1691 1385 1725 ante
1404 1684 1530 1737 legem
1547 1682 1757 1723 Publiliam

161 1751 243 1784 rata
259 1760 337 1783 non
357 1753 479 1798 erant,
498 1748 574 1785 nisi
593 1754 724 1800 patres
738 1755 913 1788 auctores
932 1749 1026 1787 facti
1039 1755 1161 1792 erant.
1190 1747 1303 1797 Quod
1321 1762 1454 1786 verum
1469 1762 1553 1786 esse
1571 1746 1686 1786 facile
1699 1752 1757 1786 est

159 1807 357 1848 intellectu
371 1823 416 1849 ex
427 1809 508 1852 Cic.
523 1824 595 1863 pro
609 1809 768 1851 Plancio
787 1825 819 1850 c.
837 1815 876 1863 5,
893 1826 938 1851 ex
958 1810 1070 1851 Livio
1085 1812 1116 1854 1.
1135 1815 1195 1851 1⁷.
1207 1810 1467 1852 V1.4¹.V111.
1482 1813 1545 1861 12,
1567 1823 1612 1849 ex
1626 1808 1756 1848 Sallu-

161 1872 236 1909 stio
249 1871 386 1922 fragm.
400 1873 465 1910 111.
484 1887 522 1925 p.
539 1876 618 1911 97⁶2.
634 1873 696 1912 ed.
708 1873 839 1925 Corte,
851 1873 937 1913 aliis
950 1888 994 1913 ex
1009 1873 1359 1914 innumerabilibus
1372 1872 1480 1916 locis.
1508 1874 1628 1925 Ergo,
1639 1886 1758 1925 quum

160 1933 373 1988 Dionysius
388 1933 531 1975 diserte
547 1936 700 1989 dixerit,
719 1936 922 1991 plebiscita
941 1936 1056 1991 idem,
1069 1938 1174 1992 quod
1191 1938 1311 1992 legeS,
1328 1935 1757 1990 valuisse,Niebulu-ius

161 2005 266 2038 recte
285 1999 375 2038 inde
392 1999 524 2053 colligi
537 2002 687 2054 putavit
698 2017 824 2056 neque
839 2001 1033 2043 dubitavit
1043 2004 1251 2056 affirmare,
1263 2002 1468 2056 plebiscita
1481 2001 1665 2055 populum
1679 2015 1757 2040 non

161 2062 332 2101 tenuisse
339 2092 351 2115 ,
388 2064 463 2102 nisi
497 2071 628 2117 patres
665 2064 759 2104 facti
794 2071 923 2104 essent
959 2072 1147 2108 auctores,
1203 2066 1283 2106 Sed
1318 2065 1432 2105 valde
1464 2063 1623 2103 dubium
1662 2062 1758 2102 mihi

162 2123 318 2178 quidem
349 2141 433 2165 esse
461 2127 627 2180 videtur,
655 2143 747 2167 num
778 2130 831 2168 ita
859 2135 964 2169 recte
1001 2129 1068 2168 illa
1102 2130 1283 2183 Dionysii
1322 2127 1443 2168 verba
1479 2127 1756 2179 intelligantur,

162 2194 278 2241 atque
298 2188 351 2240 id,
383 2190 487 2243 quod
513 2191 753 2232 Niebuhrius
782 2194 968 2245 senserit,
1004 2199 1108 2233 recte
1148 2192 1238 2232 inde
1278 2190 1541 2233 concludatur.
1596 2191 1695 2229 Nam
1723 2190 1757 2228 si
