1911 2442
867 122 872 127 ,
908 86 958 124 21

141 231 180 264 et
218 222 268 263 ad
292 221 459 276 ‚plebem
492 219 719 260 transferre*
739 220 924 273 potuisse.
984 218 1098 267 Quod
1133 217 1332 271 profecto,
1378 218 1541 257 maxime
1579 218 1731 271 legibus

142 285 332 338 Canuleii,
360 284 503 324 Licinii
530 284 728 338 Sextiique
754 283 948 334 evenisse,
987 282 1075 336 quis
1104 288 1182 334 est,
1211 281 1280 335 qui
1307 282 1449 333 neget?
1504 281 1582 322 Sed
1609 283 1644 322 si
1670 283 1732 322 cui

140 351 281 390 mirum
303 347 475 400 videtur,
504 347 623 401 quod,
651 360 769 400 quum
792 345 891 384 nihil
917 345 1079 399 amplius
1109 344 1295 396 obstaret,
1323 344 1470 384 tribuni
1497 345 1624 398 plebis
1652 361 1733 385 non

140 412 247 451 illico
275 417 391 464 atque
425 410 607 449 contiuuo
644 422 723 447 uuo
760 409 871 461 quasi
905 409 1048 461 impetu
1084 407 1181 447 illud
1207 408 1393 460 fecerint,
1423 407 1491 446 illa
1521 414 1632 448 aetate
1657 422 1731 462 pa-

140 475 264 515 triciis
290 472 408 513 haud·
422 487 543 527 parva
570 470 744 512 restabat
770 473 940 525 potentia
977 478 1015 511 et
1051 470 1161 526 plebi
1196 470 1386 511 modestia
1425 476 1541 524 atque
1568 472 1730 526 aequitas

141 538 317 592 quaedam
337 541 453 588 (teste
482 537 595 575 Livio
622 536 692 578 lv,
719 540 755 575 6.
783 536 852 578 111.
881 538 947 587 54,
971 535 1022 578 cf.
1051 536 1130 575 Cic.
1159 535 1207 575 de
1234 535 1321 588 lege
1346 549 1427 587 agr.
1457 534 1508 577 ΙΙ.
1537 538 1609 582 85)
1636 549 1732 588 pro-

138 602 227 655 pria
253 600 339 644 fuit.
392 600 478 639 Etsi
505 598 582 638 hoc
608 599 731 651 magis
745 600 935 652 speciose,
962 614 1076 653 quam
1090 614 1182 639 vere
1202 599 1347 639 dictum
1373 605 1443 640 est.
1471 599 1572 638 Nam
1594 599 1730 651 paucis

142 664 253 703 anuis
280 669 370 717 post
398 661 594 702 Valeriam
620 662 821 701 Horatium
847 662 962 702 latam
990 662 1033 705 C.
1063 662 1271 702 Canuleius
1297 661 1478 701 tribunus
1516 660 1645 714 plebis
1683 661 1732 701 de

142 727 341 767 connubio
379 732 532 780 patrum
569 731 608 764 et
638 724 767 777 plebis
793 725 902 777 tulit,
937 731 973 764 et
1012 725 1146 765 eodem
1185 739 1287 763 anno
1324 735 1463 763 novem
1490 723 1557 762 alii
1583 723 1733 762 tribuni

141 790 401 842 rogationem:
437 797 502 837 „ut
531 788 675 842 populo
708 796 882 841 potestas
916 797 1029 836 esset,
1061 802 1126 827 seu
1151 787 1200 827 de
1232 786 1360 842 plebe,
1385 801 1450 826 seu
1478 786 1527 827 de
1550 787 1731 841 patribus

146 853 274 901 vellet,
318 851 486 891 consules
507 849 720 903 faciendi“
766 849 1066 903 promulgarunt.
1138 851 1232 898 Quae
1267 850 1461 903 posterior
1501 850 1654 901 rogatio
1697 850 1732 888 si

141 920 242 956 c'sset
267 914 430 969 perlata,
461 914 538 952 iam
567 927 645 952 uno
674 914 819 967 impetu
845 928 1029 953 summum
1058 920 1097 953 et
1122 913 1283 953 honoris
1311 919 1349 953 et
1366 913 1519 966 imperii
1544 926 1631 951 cum
1658 926 1732 965 pa-

139 980 263 1018 triciis
297 977 437 1032 aequati
475 976 673 1029 fastigium
711 976 824 1030 plebs
863 983 1098 1031 occupasset.
1163 968 1241 1017 Sed
1277 991 1365 1015 mox
1399 976 1620 1015 tristissima
1664 975 1732 1014 illa

141 1041 271 1081 clades
300 1047 418 1094 atque
446 1040 558 1078 ruina
586 1054 658 1092 per
685 1039 817 1080 Gallos
845 1040 1066 1081 invadentes
1093 1040 1200 1079 illata
1228 1040 1374 1081 incidit.
1430 1040 1515 1087 Qua
1542 1039 1731 1091 patricio-

140 1119 225 1142 rum
253 1103 478 1154 deminutio,
508 1103 599 1156 quia
626 1101 668 1140 hi
695 1104 769 1140 iam
797 1116 956 1141 numero
983 1109 1092 1141 erant
1118 1103 1300 1153 minores,
1328 1107 1432 1140 certe
1447 1100 1569 1139 multo
1607 1101 1733 1138 maior

145 1166 253 1206 facta
282 1172 353 1218 est,
366 1180 483 1220 quam
510 1165 763 1219 plebeiorum.
792 1165 867 1215 Qui
880 1167 1014 1205 mirum
1025 1167 1065 1204 in
1086 1164 1240 1204 modum
1257 1163 1435 1204 celeriter
1448 1165 1553 1203 vires
1572 1170 1610 1203 et
1636 1177 1732 1217 opes

139 1220 418 1281 recuperarunt
433 1236 483 1281 et,
496 1235 536 1267 ut
546 1231 796 1282 patriciorum
810 1242 903 1281 opes
917 1227 1250 1278 imminuebantur,
1263 1228 1315 1265 ita
1331 1234 1594 1268 accreverunt.
1615 1229 1731 1266 Anno

140 1292 243 1332 enim
252 1293 520 1332 trecentesimo
531 1292 847 1345 octingentesimo
859 1292 1020 1344 septimo
1033 1305 1066 1333 a.
1080 1289 1173 1331 Chr.
1186 1305 1223 1332 n.
1236 1296 1402 1344 quatuor
1417 1289 1543 1330 tribus
1555 1305 1601 1329 ex
1618 1290 1731 1329 novis

140 1353 292 1394 civibus
309 1354 680 1407 additae,Liv.V1.4.
699 1361 736 1406 5,
749 1355 885 1406 viginti
896 1368 1030 1393 novem
1040 1354 1150 1392 anuis
1173 1360 1262 1406 post
1281 1354 1419 1392 iterum
1434 1355 1531 1405 duae,
1543 1353 1732 1395 Liv.V11.

143 1420 193 1455 15
215 1422 253 1456 et
269 1423 404 1469 postea
421 1431 555 1456 rursus
573 1416 672 1457 duae
691 1417 861 1457 adiectae
874 1423 974 1457 suut.
993 1417 1052 1455 lta
1071 1415 1184 1470 plebs
1207 1417 1330 1468 magis
1351 1422 1389 1456 et
1407 1417 1531 1468 magis
1553 1415 1656 1455 facta
1673 1421 1733 1455 est

138 1494 232 1533 pars
252 1479 420 1518 civitatis
442 1479 609 1519 validior
628 1486 743 1534 atque
760 1480 964 1533 potentior.
991 1478 1141 1519 Plebeii
1163 1480 1204 1518 in
1230 1478 1345 1518 bellis
1378 1478 1564 1532 gravibus
1597 1484 1732 1518 contra

138 1543 311 1595 Latinos,
339 1544 512 1596 Aequos,
541 1542 719 1595 Volscos,
746 1544 950 1596 Hernicos,
973 1544 1171 1596 Etruscos,
1192 1543 1326 1583 Gallos
1357 1544 1560 1582 maximam
1581 1548 1730 1596 partem

140 1606 300 1645 onerum
325 1606 600 1658 sustinuerunt,
632 1604 704 1644 hos
718 1607 1004 1659 potentissimos
1022 1605 1155 1646 hostes
1179 1606 1391 1659 fregerunt,
1415 1606 1512 1645 fines
1532 1606 1730 1644 Romanos

139 1668 362 1721 dilatarunt,
390 1683 516 1722 neque
542 1683 636 1708 vero
665 1669 817 1721 imperii
843 1668 960 1708 ullam
979 1669 1062 1709 fere
1083 1677 1245 1723 partem,
1270 1685 1390 1724 quum
1416 1669 1643 1723 plerumque
1658 1681 1731 1721 pa-

138 1731 242 1769 tricii
268 1737 491 1770 crearentur
517 1730 667 1770 tribuni
694 1731 870 1784 militum,
900 1733 1001 1778 (Liv.
1028 1733 1097 1775 vl.
1120 1735 1192 1782 5⁷)
1214 1739 1453 1786 acceperant.
1508 1734 1624 1770 Anno
1642 1737 1731 1769 tan·-

139 1794 226 1833 dem
253 1794 523 1833 trecentesimo
551 1795 790 1845 sexagesimo
818 1801 927 1834 sexto
953 1795 1071 1847 leges,
1101 1809 1197 1848 quas
1210 1796 1254 1838 G.
1274 1796 1449 1834 Licinius
1465 1801 1504 1834 et
1516 1795 1561 1836 L.
1577 1793 1731 1833 Sextius

138 1855 442 1909 promulgarant,
471 1863 561 1909 post
588 1858 758 1909 ingentia
787 1859 993 1896 certamina
1031 1857 1162 1897 decem
1200 1873 1388 1897 annorum
1416 1858 1588 1911 perlatae
1616 1862 1731 1909 atque

138 1925 320 1972 acceptae
357 1924 463 1969 sunt;
501 1918 600 1959 alter
635 1919 855 1959 consulatus
894 1926 933 1960 et
964 1934 1056 1974 pars
1093 1922 1177 1973 agri
1215 1921 1365 1975 publici
1401 1921 1509 1975 plebi
1547 1932 1730 1959 concessa

137 1988 238 2025 sunt.
267 1983 354 2027 Liv,
382 1983 450 2025 Vl.
478 1987 530 2022 55
559 2006 610 2013 -
638 1986 703 2026 42.
758 1984 817 2023 lta
846 1983 972 2037 plebs,
1000 1999 1099 2038 quae
1134 1986 1245 2024 initio
1282 1986 1388 2025 omni
1418 1986 1596 2039 imperio,
1626 1984 1731 2023 omni

137 2046 286 2085 honore
314 2046 467 2085 exclusa
480 2046 687 2099 serviebat,
716 2046 855 2087 deinde
879 2049 923 2087 »in
939 2047 1103 2087 tribunis
1124 2048 1321 2101 auxilium,
1342 2056 1423 2087 tum
1439 2063 1510 2102 per
1525 2047 1728 2089 Valerium

138 2114 177 2149 ct
201 2109 419 2161 Horatium,
447 2124 573 2164 neque
601 2110 727 2149 minus
755 2124 827 2163 per
854 2111 1080 2151 Canuleium
1108 2112 1266 2166 eiusque
1287 2111 1455 2164 collegas
1480 2110 1616 2151 saltem
1633 2124 1730 2150 con-

137 2171 347 2213 fessionem
385 2174 581 2225 potentiae
609 2180 831 2228 acceperat,
860 2189 931 2228 per
949 2175 1138 2214 Licinium
1175 2181 1213 2214 et
1251 2175 1423 2215 Sextium
1441 2189 1577 2215 revera
1605 2176 1730 2228 impe-
