1911 2442
951 78 1001 113 {3

179 210 278 252 nihil
303 210 380 252 huc
402 208 655 263 praeiudicati
683 206 871 259 attuleris,
899 206 1019 247 verba
1045 208 1132 260 ipsa
1159 207 1352 261 Dionysii,
1382 221 1481 260 quae
1508 207 1623 249 modo
1640 215 1775 254 traus-,

179 274 418 327 scripsimus,
450 284 576 324 neque
607 270 733 309 minus
760 269 878 322 haec,
917 284 1016 323 quae
1043 270 1093 309 ab
1125 284 1172 310 eo
1201 270 1418 323 explicandi
1446 285 1560 309 causa
1590 271 1767 310 adiuncta

179 342 281 387 suut,
310 334 517 385 diligenter
539 339 577 372 et
603 333 745 372 acriter
778 333 938 372 intuitus
979 338 1093 387 atque
1129 332 1410 386 contemplatus
1440 335 1515 385 sis,
1556 342 1659 373 certe
1695 333 1770 373 tibi

180 400 254 438 erit
292 396 557 447 manifestum,
597 410 675 434 non
713 394 775 445 id,
809 396 914 448 quod
948 395 1186 434 Niebuhrius
1221 397 1385 448 putavit,
1425 396 1495 434 sed
1530 395 1605 434 hoc
1640 397 1769 448 potius

178 459 409 514 Dionysium
436 457 561 513 planis
587 457 719 498 verbis
747 457 978 510 declarasse,
1005 457 1225 512 plebiscita,
1253 473 1353 513 quae
1381 465 1493 498 antea
1532 458 1654 497 solam
1682 458 1768 512 ple-

180 523 269 563 bem
296 529 484 574 tenerent,
511 522 597 574 lege
611 522 769 561 Valeria
795 521 1059 561 Horatialata
1086 522 1261 575 eandem,
1292 536 1407 576 quam
1435 521 1556 574 leges,
1576 522 1648 560 hac
1676 523 1768 575 qui-

180 586 268 626 dem
285 586 435 625 ratione
458 586 655 639 accepisse
681 586 759 624 vim
787 600 833 626 ac
858 590 1097 640 potestatem,
1113 593 1156 625 ut
1173 585 1337 640 amplius
1355 600 1434 624 non
1455 585 1577 625 solam
1594 584 1765 639 plebem,

141 650 143 653 ’
179 650 250 690 sed
276 650 391 689 etiam
420 649 605 701 populum
633 656 821 691 tenerent.
848 649 989 689 Sedde
1007 648 1081 689 hoc
1097 649 1183 688 loco
1196 656 1331 702 postea
1345 650 1543 701 copiosius
1560 648 1768 698 disseram3

181 712 230 752 ad
256 710 467 751 Niebuhrii
500 713 725 765 opinionem
751 712 1002 752 refellendam
1029 711 1126 752 haec
1154 714 1248 751 satis
1276 712 1395 751 multa
1416 711 1479 751 vel
1499 713 1628 765 potius
1642 711 1768 765 plura,

181 789 297 829 qyam
332 789 489 814 necesse
525 775 612 827 fuit,
640 790 703 814 me
739 775 880 815 dixisse
920 776 1228 815 existimaverim.
1284 776 1371 814 Hoc
1406 775 1509 814 enim
1536 781 1699 826 constat,
1728 775 1769 812 in

179 837 286 877 nullo
314 852 447 878 eorum
474 844 799 891 argumentorum,
827 853 925 892 quae
949 837 1186 892 Niebubrius
1213 837 1397 890 attulerit,
1432 852 1516 877 esse
1543 837 1769 892 quidquam,

180 901 286 955 quod
314 903 396 940 eius
424 902 653 940 sententiam
666 907 831 954 tueatur,
847 902 901 954 id,
929 902 1031 956 quod
1051 902 1229 956 equidem
1250 915 1367 954 supra
1384 902 1596 953 statuerim,
1609 907 1768 943 evertat.

179 963 399 1005 Niebuhrio
435 963 631 1004 Hoeekius
658 978 818 1018 prorsus
846 971 904 1012 est
930 979 1107 1005 assensus
1134 979 1260 1019 neque
1281 965 1392 1004 novis
1417 966 1653 1018 argumentis
1669 963 1770 1003 hanc

181 1029 402 1081 opinionem
448 1029 701 1073 confirmavit,
762 1030 1006 1082 Quapropter
1050 1029 1153 1068 hunc
1198 1028 1352 1069 silentio
1389 1030 1602 1082 praeterire
1647 1036 1686 1068 et
1720 1027 1769 1066 ad

180 1091 407 1132 Walterum
418 1091 453 1142 ⁴)
481 1092 647 1132 transire
676 1090 800 1132 liceat.
853 1092 929 1141 Qui
954 1106 1040 1132 cum
1066 1091 1298 1145 Niebuhrio,
1327 1107 1445 1146 quum
1482 1093 1650 1146 primum
1683 1091 1769 1131 Ro-

180 1169 381 1199 manorum
408 1156 504 1194 iuris
531 1154 732 1193 historiam
760 1156 801 1194 in
829 1155 1026 1207 publicum
1052 1156 1196 1208 ederet,
1223 1155 1339 1208 plane
1377 1162 1634 1196 consenserat.
1691 1155 1769 1194 Sed

181 1232 299 1271 quum
326 1218 498 1271 quinque
525 1218 636 1256 annis
664 1223 753 1271 post
779 1217 895 1270 hunc,
925 1233 1038 1272 quem
1064 1219 1360 1271 nominavimus,
1381 1217 1524 1257 librum
1538 1216 1770 1258 rescriberet

181 1286 221 1320 et
246 1282 471 1333 corrigeret,
500 1295 522 1319 a
549 1280 760 1320 Niebuhrii
798 1283 989 1321 sententia
1023 1281 1203 1321 discessit
1241 1289 1357 1336 atque
1396 1282 1472 1322 hoc
1511 1282 1656 1334 docuit,
1684 1282 1770 1333 lege

180 1342 339 1383 Valeria
366 1345 529 1382 Horatia
557 1345 634 1382 iam
662 1345 824 1383 curiis
852 1345 911 1383 ius
939 1344 1142 1398 plebiscita
1169 1351 1252 1383 rata
1291 1345 1354 1385 vel
1381 1360 1459 1385 non
1487 1352 1571 1384 rata
1598 1344 1770 1384 habendi

181 1421 267 1447 esse
292 1406 525 1461 ademptum,
554 1407 703 1447 senatui
729 1420 823 1447 vero
851 1409 1049 1461 mansisse,
1088 1409 1193 1462 quod
1228 1408 1312 1461 lege
1340 1408 1509 1448 Publilia
1544 1414 1646 1448 esset
1672 1407 1769 1447 sub-

180 1470 313 1521 latum,
340 1469 466 1521 legem
489 1471 737 1510 Hortensiam
764 1470 861 1509 nihil
889 1471 994 1510 aliud
1019 1472 1172 1522 fecisse,
1199 1473 1274 1511 nisi
1311 1478 1354 1511 ut
1381 1472 1590 1511 Publiliam
1624 1471 1769 1511 confir-

180 1540 304 1573 maret
330 1540 369 1573 et
394 1542 599 1587 repeteret.
654 1535 780 1585 Quum
806 1534 905 1574 nihil
932 1549 1104 1590 usquam,
1133 1535 1174 1575 id
1202 1535 1307 1590 quod
1324 1535 1529 1576 Walterus
1558 1537 1634 1574 iam
1657 1534 1768 1586 vidit,

181 1598 410 1650 reperiatur,
438 1597 540 1636 unde
567 1599 751 1650 cognosci
778 1600 913 1652 possit,
953 1613 1023 1652 per
1062 1600 1189 1638 curias
1225 1598 1456 1652 plebiscita,
1493 1606 1536 1637 ut
1580 1598 1768 1652 populum

181 1666 369 1713 tenerent,
412 1667 503 1715 post
535 1660 661 1714 legem
698 1662 895 1702 Valeriam
932 1663 1131 1702 Horatiam
1168 1662 1377 1703 sancienda
1418 1662 1560 1714 fuisse,
1599 1663 1770 1715 priorem

182 1724 264 1761 eius
283 1725 478 1776 opinionis
506 1731 655 1777 partem
686 1739 765 1764 non
790 1740 926 1766 recuso
963 1727 1151 1778 accipere,
1179 1727 1233 1765 ita
1258 1733 1399 1778 tamen,
1452 1733 1494 1765 ut
1521 1725 1589 1764 illa
1617 1726 1770 1764 demum

181 1784 267 1837 lege
296 1788 414 1826 curiis
442 1786 518 1827 boc
544 1789 605 1827 ius
633 1802 717 1827 esse
746 1788 966 1843 ademptum
1001 1788 1111 1829 valde
1146 1790 1379 1841 negaverim.
1433 1789 1640 1843 Nunquam
1668 1789 1770 1828 enim

182 1849 375 1888 curiarum
403 1849 478 1889 hoc
505 1851 628 1890 fuisse
654 1852 714 1890 ius
741 1853 818 1890 iam
844 1866 962 1905 supra
998 1854 1091 1891 satis
1133 1852 1435 1892 demonstratum
1470 1858 1540 1893 est.
1593 1852 1771 1891 Alteram

182 1923 275 1949 vero
327 1913 522 1965 opinionis
573 1920 721 1968 partem
766 1915 973 1956 Walterus
1009 1914 1085 1955 hoc
1129 1931 1207 1956 uno
1245 1922 1470 1970 argumento
1513 1915 1771 1968 confirmavit,

182 1973 287 2026 quod
328 1983 417 2028 post
450 1977 575 2030 legem
613 1978 823 2020 Publiliam
856 1995 935 2020 non
974 1980 1136 2034 amplius
1174 1981 1278 2021 sacta
1317 1988 1418 2021 esset
1455 1982 1613 2033 mentio,
1641 1987 1771 2034 patres

287 2120 311 2154 ⁴)
351 2122 487 2151 Ἆήἰιοη
506 2126 663 2154 R6mtsche
692 2126 966 2162 Rechtsgeschicte.
996 2128 1080 2154 Bonn
1102 2127 1184 2155 18⁴0.
1205 2128 1236 2154 S.
1256 2127 1302 2156 9³.
1329 2127 1389 2153 107.
1411 2127 1474 2155 110.
1496 2141 1533 2146 -
1554 2127 1603 2154 tte
1620 2126 1772 2161 Ausgabe.

285 2176 294 2183 -
355 2169 440 2196 Bonn
462 2170 533 2198 184³
554 2185 591 2192 —-
613 2173 703 2209 464.
725 2173 780 2203 Th.
800 2187 837 2194 —
857 2174 891 2205 S.
907 2174 942 2200 ⁷³
962 2188 1001 2195 -
1019 2173 1064 2202 ⁷³·
