1911 2442
891 731 929 776 ς.
959 730 993 767 ι.

271 817 409 877 Quum
430 825 507 864 hoc
535 838 636 864 anno
655 824 752 863 mihi
780 832 882 865 esset
907 826 1140 878 mandatum,
1167 832 1211 864 ut
1237 826 1383 878 aliquid
1411 827 1636 880 scriberem,
1664 843 1742 882 quo

141 885 387 929 celebrandis
424 887 486 927 his
514 888 715 942 Gymnasii
748 887 987 927 solemnibus
1023 888 1223 941 praefarer,
1258 888 1357 927 nihil
1390 889 1554 929 videbar
1597 890 1742 943 eligere

139 966 256 1005 posse
283 951 582 1003 accomodatius,
610 965 728 1004 quam
751 956 795 989 ut
821 950 869 990 de
896 951 982 1003 lege
1009 951 1168 990 Valeria
1194 951 1375 990 Horatia:
1415 962 1493 1005 „ut,
1535 954 1639 1007 quod
1664 955 1743 993 tri-

140 1013 260 1054 batim
282 1013 412 1069 plebes
438 1014 616 1062 iussisset,
639 1013 827 1068 populum
852 1017 1035 1062 teneret,“
1074 1013 1123 1052 de
1158 1012 1244 1065 lege
1278 1013 1449 1052 Publilia
1484 1016 1628 1068 prima:
1676 1026 1743 1065 „ut

135 1078 338 1133 plebiscita
372 1092 504 1118 omnes
546 1078 714 1131 Quirites
751 1081 951 1117 tenerent“
965 1108 981 1125 ,
1025 1076 1074 1116 de
1110 1076 1197 1128 lege
1232 1077 1462 1116 Hortensia:
1512 1087 1599 1127 „11t,
1639 1079 1744 1133 quod

134 1140 265 1196 plebes
292 1142 471 1189 iussisset,
497 1155 628 1181 omnes
655 1140 821 1194 Quirites
850 1144 1015 1181 teneret“
1045 1153 1187 1178 novam
1206 1138 1466 1192 *quaestionem
1485 1142 1741 1183 instituerem.

137 1204 239 1243 Nam
263 1202 338 1256 bae,
366 1218 463 1258 quas
489 1203 585 1256 dixi,
612 1203 735 1255 leges,
764 1209 869 1243 recte
897 1203 1074 1255 cognitae,
1107 1201 1156 1240 ad
1184 1202 1408 1242 interiorem
1442 1209 1486 1242 ut
1522 1204 1575 1242 ita
1615 1203 1741 1243 dicam

137 1280 267 1305 rerum
301 1266 565 1306 Romanarum
606 1267 866 1318 cognitionem
901 1266 1060 1305 multum
1095 1279 1188 1304 sane
1231 1265 1409 1304 conferre
1456 1266 1659 1316 videntur3
1705 1268 1742 1306 ei

138 1334 266 1368 autem
292 1328 469 1369 homines
496 1328 613 1380 docti,
645 1329 713 1382 qui
741 1330 783 1368 in
809 1329 1073 1368 Romanorum
1111 1326 1275 1366 historia
1310 1327 1517 1367 scribenda
1554 1335 1672 1383 atque
1699 1330 1741 1367 in

138 1406 272 1431 eorum
298 1391 452 1443 legibus
492 1397 530 1430 et
569 1392 755 1430 institutis
793 1391 1030 1444 explicandis
1067 1390 1139 1429 has
1175 1404 1331 1444 quoque
1368 1390 1475 1443 leges
1511 1398 1740 1444 tractarunt,

137 1460 245 1494 tanta
272 1461 362 1494 sunt
389 1455 431 1493 in
458 1455 685 1507 opinionum
712 1455 899 1495 varietate
927 1470 971 1495 ac
999 1454 1256 1507 dissensione,
1284 1460 1327 1493 ut
1345 1453 1552 1493 admodum
1578 1454 1741 1494 dubium

138 1516 283 1558 factum
311 1518 374 1571 sit,
404 1517 498 1572 quid
526 1517 574 1558 de
602 1517 665 1557 his
692 1517 845 1570 legibus
873 1528 977 1561 recte
1004 1519 1056 1557 sit
1082 1517 1341 1561 iudicandum.
1379 1517 1459 1556 Alii
1486 1519 1587 1557 enim
1614 1518 1741 1571 legem

138 1579 336 1620 Valeriam
362 1581 565 1620 Horatiam
593 1595 664 1634 per
690 1580 917 1635 Publiliam,
952 1581 1052 1621 hanc
1086 1596 1159 1635 per
1195 1582 1444 1620 Hortensiam
1473 1581 1739 1621 tantummodo

137 1644 342 1696 repetitam
369 1650 408 1683 et
434 1643 698 1683 confirmatam
727 1658 825 1696 esse,
849 1645 902 1683 ita
930 1651 971 1684 ut
997 1644 1056 1683 hae
1085 1652 1166 1684 tres
1194 1644 1300 1696 leges
1327 1659 1446 1682 unum
1466 1644 1648 1698 idemque
1666 1659 1740 1683 va-

137 1704 280 1759 lerent,
319 1707 602 1756 existimarunt3
645 1706 713 1745 alii
746 1706 818 1746 has
857 1707 973 1761 plane
1007 1707 1181 1747 diversas
1219 1721 1305 1746 esse
1345 1707 1576 1749 iudicarunt.
1633 1707 1739 1756 Quid

137 1782 231 1808 vero
259 1768 319 1807 bae
348 1771 450 1809 inter
473 1784 516 1809 se
544 1769 759 1823 differrent,
790 1785 909 1824 quum
937 1776 1170 1821 statuerent,
1219 1769 1285 1808 alii
1319 1770 1359 1808 iu
1395 1769 1491 1809 alias
1528 1771 1740 1810 sententias

138 1831 408 1876 discesserunt.
462 1833 562 1872 Nam
599 1832 838 1873 Niebuhrius
878 1833 1098 1887 plebiscita,
1136 1833 1222 1886 lege
1250 1833 1419 1877 valeria,
1448 1834 1612 1872 Horatia
1646 1833 1738 1886 lata,

136 1896 214 1935 nisi
242 1902 281 1936 et
308 1896 422 1936 curiae
466 1902 504 1936 et
540 1902 672 1950 patres
707 1897 802 1937 facti
840 1904 969 1938 essent
996 1903 1187 1950 auctores,
1223 1896 1411 1951 populum
1446 1911 1525 1936 non
1553 1898 1738 1950 tenuisse,

135 1959 246 2013 prius
294 1959 382 2012 lege
422 1958 617 2014 Publilia,
662 1960 826 2001 alterum
868 1961 1076 2002 Hortensia
1121 1975 1206 2000 esse
1250 1960 1444 2000 sublatum
1490 1961 1739 2010 existimavit3

137 2020 345 2062 Walterus
374 2024 493 2063 curiis
531 2024 609 2063 iam
643 2023 730 2077 lege
758 2024 919 2065 Valeria
951 2025 1128 2077 Horatia,
1169 2025 1320 2064 senatui
1344 2038 1438 2063 vero
1464 2023 1637 2062 Publilia
1663 2023 1740 2063 boc

136 2085 197 2125 ius
225 2099 310 2126 esse
337 2085 557 2141 ademptum
584 2088 735 2138 statuit3
762 2088 963 2130 Petersius
989 2094 1122 2129 eontra
1153 2102 1175 2127 a
1203 2095 1340 2128 senatu
1358 2087 1434 2128 hoc
1456 2087 1517 2127 ius
1531 2086 1738 2141 plebiscita

136 2155 221 2188 rata
248 2155 313 2189 aut
337 2163 417 2189 nou
443 2157 531 2204 rata
556 2150 729 2192 habendi
757 2167 911 2207 semper
939 2147 1025 2194 esse
1047 2158 1238 2193 retentum
1267 2152 1465 2192 iudicavit.
