1911 2442
115 238 315 278 nonnullis
351 239 455 279 MSS
483 238 605 292 desit,
645 239 853 280 admodum
878 241 997 281 dubia
1015 248 1087 296 est,
1115 244 1315 296 Petersius
1336 253 1441 288 recte
1454 248 1587 303 colligi
1603 264 1722 304 posse

114 303 280 354 putavit,
309 309 485 342 senatum
513 302 561 341 de
590 302 667 343 hoc
692 304 857 357 imperio
885 311 1050 359 aequato
1078 306 1296 347 consultum
1323 310 1465 351 fecisse
1493 320 1609 367 atque
1626 313 1724 354 illud

114 364 366 418 plebiscitum
390 365 646 420 approbasse.
702 367 817 416 Quod
844 383 922 422 quo
949 370 1033 408 iure
1053 368 1144 409 inde
1167 369 1437 426 concludatur,
1453 388 1525 427 per
1541 391 1583 416 se
1602 383 1723 431 patet,

114 431 330 483 praesertim
359 445 479 485 quum
506 432 724 485 respexeris
753 438 868 486 atque
884 432 1143 473 consideratis
1171 432 1238 473 illa
1267 433 1405 475 verba:
1437 437 1519 485 „ad
1543 440 1723 480 multitu-

114 492 289 543 dinem“,
317 527 326 537 .
356 526 366 536 .
396 526 405 537 .
437 496 596 551 „populi
622 496 664 535 in
688 510 729 535 se
754 497 995 539 saev1ent125.“
1052 496 1163 537 Nihil
1189 499 1291 537 enim
1319 502 1483 553 senatui,
1501 504 1629 542 omnia
1646 519 1721 557 po-

115 556 208 609 pulo
231 558 314 597 sive
342 557 452 611 plebi
479 557 626 597 Fabius
654 560 806 598 crimini
835 559 953 602 dedit.
1007 560 1145 615 Neque
1185 562 1308 614 magis
1342 577 1387 604 ex
1424 564 1586 619 reliquis
1614 566 1721 606 Livii

113 619 227 673 locis,
267 635 366 675 quos
394 622 591 661 Petersius
620 623 847 675 nominavit,
875 622 930 676 id,
959 623 1064 676 quod
1083 624 1217 676 sensit,
1231 627 1491 680 cognoscitur,
1503 629 1573 668 sed
1590 630 1721 682 potius

113 683 191 723 hoc
218 689 380 736 tantum,
409 683 525 724 bellis
552 686 706 738 punicis
733 685 922 739 populum
936 693 972 726 et
988 693 1165 726 senatum
1181 686 1334 740 placide
1350 689 1600 745 modesteque
1617 693 1721 732 inter

114 761 157 786 se
192 747 472 800 rempublicam
508 754 709 800 tractasse,
756 763 1019 803 summamque
1054 750 1156 789 inter
1184 765 1264 802 eos,
1301 750 1341 790 id
1376 753 1483 805 quod
1514 754 1721 795 Sallustius

114 811 225 863 (Jug.
252 813 339 860 41.)
369 817 407 850 et
434 810 625 865 Polybius
655 814 726 862 (V.
757 814 791 854 1.
814 815 853 854 9.
884 815 945 854 ¹4,
976 815 1058 859 15.)
1098 813 1175 851 iam
1217 812 1435 868 laudarunt,
1473 815 1595 856 fuisse
1623 832 1720 857 con-

114 873 299 913 cordiam.
355 874 434 913 Sed
463 874 525 913 his
541 875 650 928 'ipsis
678 873 934 929 temporibus,
963 876 1035 915 etsi
1050 882 1206 915 senatus
1225 878 1435 917 auctoritas
1456 879 1538 918 erat
1557 879 1719 928 summa,

113 944 243 977 tamen
271 937 408 991 populi
435 938 519 977 sive
547 937 676 992 plebis
705 945 789 978 erat
815 945 987 992 potestas
1016 944 1054 977 et
1080 935 1277 992 majestas,
1296 940 1347 979 clss
1364 940 1505 981 Cicero
1533 941 1581 981 de
1600 941 1718 995 legib·

112 1002 185 1043 111.
215 1005 286 1053 12,
316 1002 484 1040 sciscere
513 1008 596 1041 erat
622 1001 770 1055 plebis3
798 1001 903 1055 quod
920 1001 1031 1055 plebs
1047 1003 1227 1055 sciverat,
1239 1009 1396 1043 senatus
1415 1003 1720 1057 exsequebatur3

112 1063 228 1119 plebs
247 1078 339 1103 vero
352 1063 581 1119 plerumque
602 1065 643 1104 id
661 1064 836 1117 iubebat,
858 1065 962 1119 quod
983 1066 1171 1119 optimum
1191 1066 1277 1106 fore
1299 1072 1455 1106 senatus
1474 1068 1719 1120 sapientissi-

113 1144 199 1171 mus
227 1128 294 1169 ille
324 1128 421 1168 ordo
450 1129 700 1169 iudicaverat.
757 1130 866 1178 Quae
894 1130 928 1168 si
953 1135 1059 1169 recte
1088 1129 1357 1183 perpenderis,
1377 1130 1493 1171 facile
1511 1131 1585 1170 erit
1600 1130 1719 1171 intel-

111 1193 228 1244 lectu,
247 1192 343 1245 quid
369 1192 447 1230 sibi
475 1192 596 1231 velint
612 1192 709 1232 haec
737 1192 880 1231 verba:
913 1207 984 1240 „ex
1014 1199 1171 1232 senatus
1185 1194 1417 1233 auctoritate
1436 1194 1543 1248 plebs
1560 1193 1719 1242 scz'vit,“

110 1270 191 1311 „ex
217 1264 376 1295 senatus
388 1256 621 1296 auctoritate
634 1257 757 1295 latum
785 1256 826 1294 in
849 1254 1038 1311 plebem,“
1070 1269 1155 1309 quae
1183 1254 1245 1294 his
1272 1255 1383 1309 locis,
1412 1271 1510 1311 quos
1523 1257 1719 1296 Petersius

112 1338 160 1364 ex
187 1323 302 1361 Livio
332 1323 474 1362 attulit:
504 1324 651 1366 XXVI.
679 1328 718 1365 2.
746 1328 812 1365 21.
840 1323 1101 1373 23.‚XXV11.
1141 1328 1178 1364 5.
1214 1322 1344 1364 XXX.
1373 1327 1440 1365 2⁷.
1475 1323 1624 1366 XXXI.
1653 1328 1719 1364 50.

111 1385 304 1426 XXXIV.
344 1389 411 1427 55.
451 1387 621 1429 XXXV.
659 1391 693 1425 ⁷.
728 1386 854 1428 XLII.
890 1389 940 1424 21
976 1387 1191 1439 saepissime
1227 1385 1421 1437 leguntur.
1476 1386 1593 1425 Certe
1620 1386 1720 1425 nihil

111 1448 233 1501 aliud,
261 1449 337 1488 nisi
366 1464 412 1488 ex
437 1449 637 1491 voluntate
675 1456 833 1490 senatus
872 1450 914 1489 in
945 1448 1101 1503 plebem
1136 1448 1257 1488 latum
1293 1463 1378 1488 esse
1406 1448 1553 1490 dicunt.
1610 1448 1716 1498 Quid

109 1512 255 1568 plura?
310 1512 369 1552 Ex
405 1513 512 1553 nullo
549 1515 668 1567 igitur
702 1514 789 1554 loco
827 1528 972 1567 eorum,
1010 1529 1109 1569 quos
1146 1513 1343 1554 Petersius
1385 1513 1715 1566 commemoravit,

110 1578 302 1631 sequitur,
331 1582 373 1615 ut
400 1578 552 1617 senatui
579 1579 640 1617 ius
667 1577 875 1631 plebiscita
916 1584 999 1617 rata
1040 1577 1105 1617 vel
1143 1592 1222 1617 non
1261 1583 1348 1616 rata
1383 1575 1555 1616 habendi
1593 1591 1718 1631 usque

111 1639 162 1679 ad
192 1645 363 1679 extrema
400 1639 643 1692 reipublicae
679 1647 854 1694 tempora
890 1641 1157 1694 permanserit.
1213 1641 1456 1694 Quamquam
1489 1640 1608 1691 igitur
1646 1639 1718 1678 ad-

110 1701 268 1743 modum
297 1702 426 1755 doleo,
456 1702 564 1756 quod
590 1702 676 1742 fieri
704 1717 783 1742 non
811 1703 949 1756 potuit,
973 1708 1017 1742 ut
1044 1702 1120 1755 his,
1149 1716 1249 1757 quos
1266 1703 1477 1754 nominavi,
1494 1700 1718 1741 hominibus

111 1766 367 1818 doctissimis,
406 1767 474 1819 qui
511 1781 591 1805 non
628 1765 754 1805 solum
791 1780 940 1805 summo
980 1765 1133 1817 studio,
1172 1764 1242 1804 sed
1284 1766 1400 1805 etiam
1436 1766 1518 1804 acri
1559 1764 1718 1804 subtili-

111 1844 187 1885 que
227 1828 373 1869 iudicio
412 1830 454 1869 in
489 1829 609 1870 rebus
646 1829 833 1869 Romanis
871 1827 1151 1881 cognoscendis
1189 1828 1335 1867 versati
1366 1828 1457 1880 sint,
1494 1828 1717 1880 assentirer,

110 1900 240 1932 tamen
267 1892 393 1932 libere
421 1899 481 1932 est
507 1892 783 1946 profitendum,
812 1892 912 1931 nihil
939 1906 1023 1932 esse
1051 1898 1270 1945 repertum,
1313 1891 1420 1945 quod
1459 1905 1593 1931 eorum
1627 1891 1716 1944 opi-

109 1956 248 1995 niones
286 1955 525 1996 defenderet.
584 1955 682 2006 Quis
723 1963 782 1996 est
817 1957 955 2009 igitur,
993 1955 1055 1994 cui
1096 1953 1257 1994 dubium
1290 1955 1354 2007 sit,
1388 1955 1484 2008 quin
1518 1953 1578 2005 id,
1611 1953 1717 2008 quod

109 2018 367 2072 Niebuhrius,
395 2018 618 2072 walterus,
645 2020 843 2059 Petersius
871 2019 944 2058 hac
972 2018 1021 2059 de
1049 2033 1092 2058 re
1120 2018 1338 2070 statuerint,
1375 2031 1517 2070 prosus
1539 2015 1597 2056 'sit
1621 2017 1717 2057 reii-

110 2081 302 2125 ciendum,
358 2083 551 2131 Quoniam
579 2096 674 2121 vero
702 2096 837 2121 omnes
868 2082 963 2133 fere,
993 2082 1061 2135 qui
1088 2088 1221 2121 nostra
1252 2086 1378 2119 aetate
1405 2079 1607 2119 historiam
1631 2079 1717 2119 Ro-

110 2159 314 2184 manorum
325 2145 580 2198 scripserunt,
592 2160 711 2184 unum
727 2159 874 2197 eorum,
891 2159 989 2199 quos
1008 2143 1101 2196 dixi,
1116 2142 1294 2197 plerique
1316 2141 1576 2182 Niebuhrium
1593 2142 1717 2181 secuti

109 2214 213 2260 sunt,
242 2222 319 2247 non
348 2213 419 2260 est,
449 2207 556 2261 quod
583 2209 700 2247 etiam
727 2208 892 2248 aliorum
920 2209 1125 2261 opiniones
1152 2207 1407 2260 respiciamus
1435 2212 1474 2246 et
1487 2205 1713 2248 refutemus.
