1911 2442
936 60 962 96 6

894 194 931 238 §-
968 192 1004 226 2.

282 280 475 328 Quoniam
503 279 623 330 igitur
650 284 709 317 tot
736 277 899 318 diversae
928 278 977 318 de
1006 277 1068 317 his
1090 277 1245 330 legibus
1263 280 1506 330 gravissimis
1527 282 1756 321 exstiterunt

144 344 351 397 opiniones
382 349 420 382 et
449 356 584 382 omncs
613 342 708 395 fere,
740 343 808 396 qui
835 348 970 381 nostra
997 347 1108 381 aetate
1146 341 1186 379 in
1224 340 1286 380 his
1325 340 1479 394 legibus
1517 343 1755 398 explicandis

144 407 314 446 studium
338 405 595 457 collocarunt,
623 405 698 444 hac
725 406 881 445 fuerunt
900 405 1104 456 sententia,
1132 403 1352 457 plebiscita,
1371 412 1414 444 ut
1428 420 1561 446 omnes
1580 413 1756 447 tenerent

146 470 332 522 Quirites,
362 471 478 509 etiam
505 475 595 522 post
622 467 748 521 legem
775 467 972 507 Valeriam
999 467 1202 507 Horatium
1228 466 1346 507 latam
1383 475 1420 508 et
1460 484 1532 523 per
1561 470 1689 509 curias
1715 475 1754 510 et

145 547 218 585 per
244 539 420 571 senatum
449 538 516 570 aut
551 531 687 570 saltem
724 547 796 584 per
831 538 1007 570 senatum
1042 537 1127 569 rata
1160 529 1402 570 haberentur
1430 547 1589 572 necesse
1616 532 1755 574 fuisse:

147 596 218 647 eis,
248 609 333 648 quae
363 594 411 633 de
439 593 500 632 his
529 593 682 645 legibus
711 594 761 632 ab
783 593 1008 633 auctoribus
1043 594 1140 647 ipsis
1167 609 1297 633 rerum
1324 590 1588 634 Romanarum
1615 595 1756 635 litteris

146 658 289 697 tradita
317 664 420 709 sunt,
448 658 658 709 praemissis
697 654 864 710 primum
903 657 1001 697 mihi
1035 656 1241 710 plebiscita
1276 664 1367 709 post
1404 658 1531 710 legem
1558 658 1756 697 Valeriam

147 722 351 759 Horatiam
389 721 474 772 ipsa
513 734 584 772 per
611 734 653 758 se
692 735 818 774 neque
847 722 966 760 curiis
1007 734 1134 774 neque
1172 720 1350 774 patribus
1389 719 1502 759 factis
1532 720 1756 760 auctoribus

148 782 336 838 populum
364 783 535 822 tenuisse
565 783 680 822 certis
714 785 950 836 argumentis
981 783 1215 836 docendum,
1245 783 1385 823 deinde
1413 782 1596 823 omnibus
1632 784 1755 823 docu-

148 847 302 898 mentis,
341 860 426 899 quoe
455 844 505 883 ab
534 845 758 885 hominibus
786 846 911 886 doctis
946 861 1018 900 pro
1054 847 1136 884 suis
1173 845 1421 899 opinionibus
1456 843 1758 899 comprobandis

149 908 277 948 allatae
306 914 420 960 sunt,
461 907 561 946 nihil
589 909 728 948 confici
764 908 1118 961 demonstrandum,
1159 915 1241 948 tum
1275 909 1456 963 denique,
1497 909 1592 963 quid
1618 908 1666 949 de
1695 908 1758 948 his

150 971 305 1024 legibus
332 978 437 1011 reete
465 972 709 1011 statuendum
735 973 799 1025 sit,
829 987 914 1012 esse
943 971 1210 1012 disserendum
1239 979 1298 1012 est
1324 973 1460 1012 visum.

901 1104 937 1148 §.
973 1102 1010 1139 5.

287 1199 382 1247 Quae
412 1196 462 1237 ab
492 1197 718 1238 auctoribus
755 1199 852 1253 ipsis
890 1199 939 1239 de
975 1198 1035 1238 his
1069 1198 1224 1253 legibus
1261 1198 1416 1239 litteris*
1435 1200 1617 1239 mandata
1643 1213 1761 1253 repe-

153 1263 321 1313 riuntur,
348 1261 433 1300 haee
461 1261 544 1300 sere
572 1276 695 1313 pauca
723 1268 829 1301 sunt:

289 1323 506 1372 „Omnium
513 1324 702 1379 primum,
721 1338 839 1378 quum
854 1325 959 1365 velut
981 1324 1021 1363 in
1039 1333 1283 1365 controverso
1299 1324 1380 1364 iure
1397 1333 1508 1374 esset,
1519 1334 1764 1365 tenerentur-

153 1402 202 1428 ne
224 1396 362 1442 patres
376 1387 600 1442 plebiscitis,
618 1388 833 1441 (Valerius,
861 1389 1047 1430 Horatius
1074 1390 1259 1440 consules)
1287 1390 1410 1443 Iegem
1439 1389 1662 1429 centuriatis
1689 1401 1760 1428 eo-

154 1452 272 1493 mitiis
306 1451 490 1499 tulerunt,
517 1459 592 1499 „ut
599 1481 615 1500 ,
643 1451 749 1506 quod
770 1451 899 1507 plebes
924 1451 1101 1500 iussisset,
1125 1452 1314 1507 populum
1340 1453 1528 1495 teneret.“
1565 1454 1656 1507 Qua
1682 1452 1764 1506 lege

155 1515 369 1556 tribuniciis
396 1515 661 1569 rogationibus
694 1517 811 1556 telum
845 1515 1075 1556 acerrimum
1103 1515 1241 1555 datum
1274 1520 1376 1559 est.“
1429 1520 1509 1556 449
1538 1530 1571 1559 a.
1601 1515 1695 1557 Chr.
1724 1530 1763 1557 n.

155 1583 237 1619 505
266 1579 313 1617 U.
343 1592 376 1619 c.
405 1578 491 1620 Liv.
521 1579 592 1620 ΙΙΙ.
621 1583 683 1620 55.
713 1579 763 1621 cf.
789 1580 1003 1633 Dionysius
1031 1579 1102 1619 xl.
1131 1582 1196 1621 45.

290 1642 534 1691 „Dictatura
560 1644 624 1696 (Q.
653 1643 810 1683 Publilii
833 1643 1021 1692 Plu'lonis)
1052 1642 1258 1697 popularis
1291 1652 1329 1682 et
1355 1641 1594 1683 orationibus
1620 1642 1662 1680 in
1683 1655 1765 1696 pa-

156 1716 233 1746 tres
270 1706 484 1746 criminosis
514 1705 613 1756 fuit,
648 1715 687 1745 et
714 1706 819 1760 quod
846 1717 922 1747 tres
950 1707 1050 1760 leges
1075 1706 1369 1746 secundissimas
1392 1705 1530 1761 plebei,
1577 1703 1766 1744 adversas

156 1768 353 1810 nobilitati
378 1769 479 1817 tulit,
506 1784 649 1809 unam:
675 1779 719 1809 ut
740 1769 945 1826 plebiscita
971 1783 1101 1810 omnes
1136 1769 1304 1823 Quirites
1342 1771 1559 1811 tenerent.“
1619 1771 1702 1807 559
1730 1780 1766 1810 a.

158 1831 253 1874 Chr.
279 1846 317 1873 n.
346 1835 428 1872 415
456 1832 503 1874 U.
533 1845 564 1871 c.
619 1832 706 1875 Liv.
737 1833 845 1874 Vlll.
876 1836 937 1876 12.

290 1896 490 1949 „Quintus
516 1896 742 1936 Hortensius
768 1897 963 1948 Dictator,
990 1911 1105 1950 quum
1128 1896 1237 1951 plebs
1254 1895 1461 1936 secessisset
1476 1896 1518 1934 in
1532 1894 1768 1941 Janzbulum,

158 1960 282 2014 legem
308 1959 350 1997 in
376 1959 551 1999 Esculeto
578 1960 677 2012 tulit,
706 1969 763 2009 ut,
791 1960 896 2015 quod
919 1974 969 2001 ea
995 1960 1173 2009 iussisset,
1210 1973 1342 2001 omnes
1377 1958 1545 2013 Quirites
1578 1960 1769 2000 teneret.“

159 2026 240 2062 287
269 2036 302 2066 a.
331 2022 427 2064 Chr.
458 2038 493 2061 n.
521 2026 602 2062 467
632 2024 681 2065 U.
710 2038 743 2066 c.
797 2024 949 2063 Plinius
974 2024 1024 2066 H.
1051 2024 1101 2063 N.
1133 2024 1244 2065 XIV.
1272 2027 1335 2064 10.
1362 2026 1428 2065 57.

293 2086 472 2139 „Quibus
505 2085 772 2140 rogationibus
812 2086 1056 2139 (tribuniciis)
1079 2086 1242 2143 patricii
1279 2093 1371 2125 ante
1410 2098 1489 2124 non
1526 2076 1770 2130 tenebanturss

158 2147 282 2189 donec
307 2152 355 2203 Q.
386 2150 612 2191 Hortensius
638 2150 810 2191 dictator
837 2150 958 2205 legem
985 2151 1086 2200 tulit,
1125 2160 1167 2190 ut
1205 2165 1251 2191 eo
1287 2150 1384 2198 iure,
1415 2148 1519 2204 quod
1543 2147 1656 2204 plebs
1681 2155 1771 2186 sta·-
