1911 2442
926 88 951 126 8

127 232 198 261 aut
222 222 445 277 principum
473 219 619 260 adduci
638 229 807 275 poterat.
864 222 1085 276 Insequenti
1113 236 1220 262 anno
1249 221 1360 277 plebs
1394 224 1639 264 Voleronem«
1657 223 1737 263 tri-

127 285 271 325 bunam
297 284 437 335 reficit.
503 286 642 323 Patres
686 283 743 323 ad
786 283 961 324 ultimam
998 284 1259 325 dimicationis
1291 285 1374 324 rati
1407 300 1490 326 rem
1526 294 1733 327 venturam

127 352 231 404 App'.
263 347 474 387 Claudium
501 347 583 385 iam
610 346 701 387 inde
728 362 755 386 a
778 348 956 401 paternis
979 348 1252 388 certaminibus
1279 348 1444 387 invisum
1480 349 1736 403 infestumque

122 411 231 468 plebi
255 411 447 451 consulem
476 409 654 461 faciunt,
690 419 882 465 occupant
909 410 1054 450 tribuni
1092 411 1275 466 templum
1304 409 1451 459 (locum
1477 424 1554 464 pro
1582 411 1735 464 rostris,

127 475 196 515 ubi
214 475 422 514 conciones
451 472 730 523 habebantur).
787 475 985 523 Consules,
1014 474 1195 515 nobilitas
1220 473 1277 514 ad
1302 473 1588 530 impediendam
1614 475 1736 530 legem

125 540 166 580 in
202 539 384 579 concione
426 537 646 579 consistant.
701 536 929 577 Submoveri
957 538 1161 579 Laetorius
1196 538 1313 587 iubet,
1355 546 1633 593 praeterquam
1669 538 1738 592 qui

124 603 359 657 siffragiam
387 602 534 642 ineant.
589 599 858 640 Adolescentes
884 601 1027 642 nobiles
1052 601 1230 651 stabant,
1254 601 1353 641 nihil
1378 600 1552 641 cedentes
1581 600 1734 644 viatori.

125 665 280 705 Ardens
316 665 436 718 igitur
473 664 536 702 ira
571 663 744 702 tribunus
781 663 1019 715 (Laetorius)
1056 665 1245 705 viatorem
1276 665 1395 703 mittit
1429 664 1487 703 ad
1529 666 1734 713 consulem,

125 729 259 770 consul
283 729 454 768 lictorem
482 725 539 765 ad
561 725 800 769 tribunum.“
855 727 1026 775 Quinctii
1052 726 1222 766 consulis
1252 740 1372 779 opera
1398 726 1555 766 tandem
1578 726 1734 781 Appius

126 791 264 832 consul
293 796 494 830 coercetur
520 797 557 829 et
584 787 699 842 plebs
724 790 942 841 mitigatur-3
969 791 1124 844 Appius
1151 791 1315 842 senatui,
1344 790 1412 843 qui
1440 804 1463 828 a
1489 791 1530 828 vi
1558 798 1597 829 et
1616 791 1734 830 armis

125 853 378 907 abhorrebat,
408 852 549 893 cedens
577 853 738 907 quievit.
793 853 873 894 Lex
902 868 925 893 a
952 852 1149 894 Volerone
1182 852 1261 893 lata
1289 853 1444 893 silentio
1473 876 1524 885 —-
1549 868 1629 893 non
1648 869 1733 893 am-

124 919 233 973 plius
262 915 581 969 obstrepentibus
607 917 783 969 patriciis
804 925 842 956 ct
867 919 998 971 Appio
1026 939 1082 948 ·—
1106 917 1313 971 perfertur.
1340 918 1425 957 Liv.
1453 917 1504 959 11.
1532 922 1585 957 5ss
1600 941 1649 947 —
1667 922 1733 959 58.

125 982 340 1037 Dionysius
369 995 477 1033 vero,
510 979 666 1034 (Antiq.
692 980 807 1022 Rom.
821 980 893 1024 lx,
922 984 971 1019 41
1001 1003 1055 1010 —
1077 983 1149 1031 49)
1177 986 1385 1035 postquam
1401 980 1476 1020 hac
1490 979 1539 1020 de
1556 995 1599 1020 re
1618 981 1733 1020 etiam

125 1047 240 1085 Livio
270 1045 468 1098 copiosius
496 1044 693 1096 disseruit,
720 1044 837 1084 finem
863 1044 970 1084 hisce
1006 1045 1140 1085 verbis
1175 1046 1284 1085 fecit:
1314 1054 1421 1098 „Kal
1454 1054 1473 1089 ὅ
1508 1056 1620 1100 δῆμος
1646 1053 1733 1099 dya-

126 1121 247 1164 πητῶς
273 1116 466 1161 δεξάμενος
499 1116 538 1151 τὸ
567 1114 792 1161 συγχώρημα
816 1118 879 1162 τῆς
904 1119 1046 1162 βουλῆς,
1074 1116 1282 1163 ἐπεψήφισε
1305 1117 1367 1153 τόν
1401 1116 1552 1162 νόμον.“
1613 1107 1733 1148 Plebs

126 1175 260 1227 igitur,
290 1173 353 1212 cui
379 1178 532 1225 gratum
561 1176 657 1223 erat,
687 1170 793 1224 quod
819 1178 974 1211 senatus
1001 1178 1192 1225 cesserat,
1234 1171 1336 1212 hanc
1369 1173 1613 1225 rogationem
1639 1186 1732 1225 per-

124 1237 227 1279 tulit.
283 1237 390 1288 Ergo
411 1235 593 1290 populuS,
622 1250 692 1275 seu
716 1237 885 1289 patricii,
913 1250 980 1275 seu
1004 1235 1150 1289 patres,
1170 1236 1267 1276 duce
1285 1237 1418 1290 Appio
1439 1237 1568 1276 omnia
1585 1234 1733 1289 experti

124 1306 228 1352 sunt,
246 1306 289 1339 ut
309 1300 368 1337 im
380 1298 617 1352 peditent,
633 1299 837 1351 quominus
862 1298 974 1355 plebs
988 1299 1214 1351 suffragium
1227 1300 1343 1339 iniret
1361 1308 1477 1353 atque
1492 1300 1733 1351 rogationem

124 1363 329 1418 perferret.
388 1361 466 1401 Sed
493 1361 591 1400 nihil
617 1375 745 1415 neque
772 1376 794 1400 a
822 1363 936 1400 Livio
962 1377 1088 1416 neque
1108 1376 1131 1401 a
1152 1363 1343 1417 Dionysio
1362 1369 1610 1414 memoratur,
1627 1360 1730 1401 unde

124 1426 382 1479 intelligatur,
412 1427 541 1464 curias
564 1431 604 1465 et
625 1432 758 1478 patres
785 1440 870 1465 esse
897 1425 1022 1465 factos
1044 1426 1158 1466 huius
1186 1428 1284 1480 legis
1312 1426 1471 1481 perlatae
1497 1431 1732 1467 auctores.

125 1491 273 1531 Contra
300 1490 513 1544 Dionysius
543 1488 604 1528 his
633 1490 730 1543 ipsis
757 1488 890 1529 verbis
918 1489 1064 1529 tributa
1091 1492 1247 1530 comitia
1264 1491 1348 1530 sine
1372 1495 1528 1529 senatus
1553 1486 1731 1528 consulto

125 1562 244 1609 atque
287 1556 372 1593 sine
412 1553 615 1593 sacrificiis
643 1567 722 1592 uno
751 1553 814 1593 die
846 1568 869 1593 a
904 1553 1115 1593 tribulibus
1150 1555 1287 1607 peragi
1322 1553 1540 1592 affirmavit.
1569 1551 1640 1595 IX.
1667 1553 1731 1589 41.

123 1618 247 1658 Plane
274 1632 370 1657 vero
394 1618 568 1669 ineptum
598 1623 669 1669 est,
703 1618 737 1656 si
768 1617 1014 1665 Fiedlerus¹J
1048 1632 1091 1657 ex
1121 1618 1301 1671 Dionysii
1336 1616 1486 1657 verbis:
1525 1624 1731 1669 „gmuva-

125 1692 258 1733 θέντος
285 1691 323 1726 δὲ
349 1692 416 1726 τοῦ
440 1688 759 1735 προβουλεύματος
788 1682 876 1733 (lx.
894 1683 974 1730 49.)
995 1680 1096 1720 hanc
1119 1681 1361 1734 rogationem
1379 1687 1536 1720 senatus
1555 1676 1731 1719 consulto

124 1748 230 1787 facto
260 1761 345 1786 esse
373 1744 561 1799 perlatam
590 1746 771 1799 opinatus
800 1751 868 1788 est.
933 1745 1031 1784 Nam
1059 1744 1135 1785 hoc
1163 1752 1319 1785 senatus
1355 1742 1533 1784 consulto
1570 1742 1731 1796 privatae

127 1810 333 1849 discordiae
361 1810 657 1859 magistratuum
690 1810 813 1861 Appii
836 1808 1004 1849 consulis
1025 1817 1063 1848 et
1085 1809 1260 1848 Laetorii
1287 1807 1436 1846 tribuni
1470 1812 1559 1846 sunt
1585 1806 1731 1844 direm-

123 1879 213 1926 ptae.
244 1872 333 1914 vid.
362 1872 448 1914 Liv.
476 1872 527 1916 11.
554 1874 622 1913 4¹7.

261 1937 474 1988 Pergamus
501 1936 621 1988 igitur
649 1934 698 1974 ad
726 1949 785 1987 ea,
814 1949 899 1989 quoe
927 1940 1150 1989 sequuntur.
1205 1935 1418 1988 Postquam
1452 1944 1547 1971 vero
1576 1928 1621 1971 C.
1649 1929 1731 1969 Te-

126 2000 311 2051 rentillus*
348 1991 451 2038 Arsa
494 1998 746 2037 CCCCLXH
786 2012 821 2039 a.
868 1996 959 2036 Chr.
1003 2013 1041 2040 n,
1084 1997 1132 2037 de
1174 1997 1327 2049 legibus
1370 1993 1588 2035 scribendis
1629 1991 1730 2045 tulit,

122 2064 258 2104 Icilius
286 2059 335 2102 de
362 2063 559 2102 Aventino
587 2060 826 2115 publicando
854 2062 1094 2114 rogationem
1122 2061 1403 2115 promulgavit,
1443 2059 1535 2098 item
1563 2056 1618 2107 ad
1647 2057 1731 2096 im-

233 2196 256 2233 ¹)
298 2197 478 2225 Geschichte
499 2198 551 2226 des
571 2198 740 2227 romischen
761 2200 882 2226 Staates
903 2199 961 2225 und
981 2198 1110 2226 Volkes.
1152 2197 1278 2233 Leipzig
1298 2186 1381 2225 18³2.
1420 2197 1452 2224 S.
1477 2195 1523 2223 71.
1544 2194 1580 2221 N.
1601 2193 1646 2222 2³.
